% This file was created with JabRef 2.9.2.
% Encoding: ISO8859_1

% Order alphabetically
% Use something like https://flamingtempura.github.io/bibtex-tidy/ to clean all your bibtex entries

% PLANKTON AND MONITOR HEALTH

@article{brander2003use,
  title={Use of Continuous Plankton Recorder information in support of marine management: applications in fisheries, environmental protection, and in the study of ecosystem response to environmental change},
  author={Brander, KM and Dickson, RR and Edwards, M},
  journal={Progress in Oceanography},
  volume={58},
  number={2-4},
  pages={175--191},
  year={2003},
  publisher={Elsevier}
}

@article{batten2019global,
  title={A global plankton diversity monitoring program},
  author={Batten, Sonia D and Abu-Alhaija, Rana and Chiba, Sanae and Edwards, Martin and Graham, George and Jyothibabu, R and Kitchener, John A and Koubbi, Philippe and McQuatters-Gollop, Abigail and Muxagata, Erik and others},
  journal={Frontiers in Marine Science},
  volume={6},
  pages={321},
  year={2019},
  publisher={Frontiers Media SA}
}

@article{suthers2019importance,
  title={The importance of plankton},
  author={Suthers, Iain M and Richardson, Anthony J and Rissik, David},
  journal={Plankton: A Guide to Their Ecology and Monitoring for Water Quality},
  pages={1--13},
  year={2019},
  publisher={CSIRO PUBLISHING}
}

% PLANKTON BLOOM

@article{behrenfeld2014resurrecting,
  title={Resurrecting the ecological underpinnings of ocean plankton blooms},
  author={Behrenfeld, Michael J and Boss, Emmanuel S},
  journal={Annu. Rev. Mar. Sci},
  volume={6},
  number={1},
  pages={167--194},
  year={2014}
}

% PLANKTON IMPACTED BY CLIMATE CHANGE

@article{bouman2003temperature,
  title={Temperature as indicator of optical properties and community structure of marine phytoplankton: implications for remote sensing},
  author={Bouman, Heather A and Platt, Trevor and Sathyendranath, Shubha and Li, William KW and Stuart, Venetia and Fuentes-Yaco, Cesar and Maass, Heidi and Horne, Edward PW and Ulloa, Osvaldo and Lutz, Vivian and others},
  journal={Marine Ecology Progress Series},
  volume={258},
  pages={19--30},
  year={2003}
}

@article{mckinnon2007vulnerability,
  title={Vulnerability of Great Barrier Reef plankton to climate change},
  author={McKinnon, A David and Richardson, Anthony J and Burford, Michele A and Furnas, Miles J},
  year={2007},
  publisher={The Great Barrier Reef Marine Park Authority}
}

@article{richardson2008hot,
  title={In hot water: zooplankton and climate change},
  author={Richardson, Anthony J},
  journal={ICES Journal of Marine Science},
  volume={65},
  number={3},
  pages={279--295},
  year={2008},
  publisher={Oxford University Press}
}

@article{doney2006plankton,
  title={Plankton in a warmer world},
  author={Doney, Scott C},
  journal={Nature},
  volume={444},
  number={7120},
  pages={695--696},
  year={2006},
  publisher={Nature Publishing Group}
}

@article{trubovitz2020marine,
  title={Marine plankton show threshold extinction response to Neogene climate change},
  author={Trubovitz, Sarah and Lazarus, David and Renaudie, Johan and Noble, Paula J},
  journal={Nature communications},
  volume={11},
  number={1},
  pages={1--10},
  year={2020},
  publisher={Nature Publishing Group}
}

@article{lowery2020ecological,
  title={Ecological response of plankton to environmental change: thresholds for extinction},
  author={Lowery, Christopher M and Bown, Paul R and Fraass, Andrew J and Hull, Pincelli M},
  journal={Annual Review of Earth and Planetary Sciences},
  volume={48},
  number={1},
  pages={403--429},
  year={2020},
  publisher={Annual Reviews}
}

@article{hinge2020sustainability,
  title={Sustainability of carbon storage and sequestration},
  author={Hinge, Gilbert and Surampalli, Rao Y and Goyal, Manish Kumar},
  journal={Sustainability: Fundamentals and Applications},
  pages={465--482},
  year={2020},
  publisher={Wiley Online Library}
}

@article{caldeira2003anthropogenic,
  title={Anthropogenic carbon and ocean pH},
  author={Caldeira, Ken and Wickett, Michael E},
  journal={Nature},
  volume={425},
  number={6956},
  pages={365--365},
  year={2003},
  publisher={Nature Publishing Group}
}

@article{orr2005anthropogenic,
  title={Anthropogenic ocean acidification over the twenty-first century and its impact on calcifying organisms},
  author={Orr, James C and Fabry, Victoria J and Aumont, Olivier and Bopp, Laurent and Doney, Scott C and Feely, Richard A and Gnanadesikan, Anand and Gruber, Nicolas and Ishida, Akio and Joos, Fortunat and others},
  journal={Nature},
  volume={437},
  number={7059},
  pages={681--686},
  year={2005},
  publisher={Nature Publishing Group}
}

@article{flynn2012changes,
  title={Changes in pH at the exterior surface of plankton with ocean acidification},
  author={Flynn, Kevin J and Blackford, Jerry C and Baird, Mark E and Raven, John A and Clark, Darren R and Beardall, John and Brownlee, Colin and Fabian, Heiner and Wheeler, Glen L},
  journal={Nature climate change},
  volume={2},
  number={7},
  pages={510--513},
  year={2012},
  publisher={Nature Publishing Group}
}

@article{hays2005climate,
  title={Climate change and marine plankton},
  author={Hays, Graeme C and Richardson, Anthony J and Robinson, Carol},
  journal={Trends in ecology \& evolution},
  volume={20},
  number={6},
  pages={337--344},
  year={2005},
  publisher={Elsevier}
}

@article{lal2008carbon,
  title={Carbon sequestration},
  author={Lal, Rattan},
  journal={Philosophical Transactions of the Royal Society B: Biological Sciences},
  volume={363},
  number={1492},
  pages={815--830},
  year={2008},
  publisher={The Royal Society London}
}

%% OCEAN ACIDIFICATION

@article{cyronak2016omega,
  title={The Omega myth: what really drives lower calcification rates in an acidifying ocean},
  author={Cyronak, Tyler and Schulz, Kai G and Jokiel, Paul L},
  journal={ICES Journal of Marine Science},
  volume={73},
  number={3},
  pages={558--562},
  year={2016},
  publisher={Oxford University Press}
}

% BIOLOGICAL PUMP

@article{ducklow2001upper,
  title={Upper ocean carbon export and the biological pump},
  author={Ducklow, Hugh W and Steinberg, Deborah K and Buesseler, Ken O},
  journal={Oceanography},
  volume={14},
  number={4},
  pages={50--58},
  year={2001}
}

@article{passow2012biological,
  title={The biological pump in a high CO2 world},
  author={Passow, Uta and Carlson, Craig A},
  journal={Marine Ecology Progress Series},
  volume={470},
  pages={249--271},
  year={2012}
}

@article{devries2012sequestration,
  title={The sequestration efficiency of the biological pump},
  author={DeVries, Tim and Primeau, Francois and Deutsch, Curtis},
  journal={Geophysical Research Letters},
  volume={39},
  number={13},
  year={2012},
  publisher={Wiley Online Library}
}

% PLANKTON AND CLIMATE

%% SULFUR AND CLOUD FORMATION

@article{charlson1987oceanic,
  title={Oceanic phytoplankton, atmospheric sulphur, cloud albedo and climate},
  author={Charlson, Robert J and Lovelock, James E and Andreae, Meinrat O and Warren, Stephen G},
  journal={Nature},
  volume={326},
  number={6114},
  pages={655--661},
  year={1987},
  publisher={Nature Publishing Group}
}

@article{szyrmer1997biogenic,
  title={Biogenic and anthropogenic sources of ice-forming nuclei: A review},
  author={Szyrmer, Wanda and Zawadzki, Isztar},
  journal={Bulletin of the American Meteorological Society},
  volume={78},
  number={2},
  pages={209--228},
  year={1997},
  publisher={American Meteorological Society}
}

@article{quinn2011case,
  title={The case against climate regulation via oceanic phytoplankton sulphur emissions},
  author={Quinn, Patricia K and Bates, Timothy S},
  journal={Nature},
  volume={480},
  number={7375},
  pages={51--56},
  year={2011},
  publisher={Nature Publishing Group}
} %% more complex

@article{park2017observational,
  title={Observational evidence for the formation of DMS-derived aerosols during Arctic phytoplankton blooms},
  author={Park, Ki-Tae and Jang, Sehyun and Lee, Kitack and Yoon, Young Jun and Kim, Min-Seob and Park, Kihong and Cho, Hee-Joo and Kang, Jung-Ho and Udisti, Roberto and Lee, Bang-Yong and others},
  journal={Atmospheric Chemistry and Physics},
  volume={17},
  number={15},
  pages={9665--9675},
  year={2017},
  publisher={Copernicus GmbH}
}

@article{creamean2019ice,
  title={Ice nucleating particles carried from below a phytoplankton bloom to the Arctic atmosphere},
  author={Creamean, JM and Cross, Jessica N and Pickart, R and McRaven, L and Lin, P and Pacini, A and Hanlon, R and Schmale, DG and Ceniceros, J and Aydell, T and others},
  journal={Geophysical Research Letters},
  volume={46},
  number={14},
  pages={8572--8581},
  year={2019},
  publisher={Wiley Online Library}
}

@article{werdell2019plankton,
  title={The Plankton, Aerosol, Cloud, ocean Ecosystem mission: status, science, advances},
  author={Werdell, P Jeremy and Behrenfeld, Michael J and Bontempi, Paula S and Boss, Emmanuel and Cairns, Brian and Davis, Gary T and Franz, Bryan A and Gliese, Ulrik B and Gorman, Eric T and Hasekamp, Otto and others},
  journal={Bulletin of the American Meteorological Society},
  volume={100},
  number={9},
  pages={1775--1794},
  year={2019},
  publisher={American Meteorological Society}
}

% Copepods

@article{schminke2007entomology,
  title={Entomology for the copepodologist},
  author={Schminke, Horst Kurt},
  journal={Journal of Plankton Research},
  volume={29},
  number={suppl\_1},
  pages={i149--i162},
  year={2007},
  publisher={Oxford University Press}
}

% Marine snow

@article{alldredge1988characteristics,
  title={Characteristics, dynamics and significance of marine snow},
  author={Alldredge, Alice L and Silver, Mary W},
  journal={Progress in oceanography},
  volume={20},
  number={1},
  pages={41--82},
  year={1988},
  publisher={Elsevier}
}

@article{turner2015zooplankton,
  title={Zooplankton fecal pellets, marine snow, phytodetritus and the ocean’s biological pump},
  author={Turner, Jefferson T},
  journal={Progress in Oceanography},
  volume={130},
  pages={205--248},
  year={2015},
  publisher={Elsevier}
}

% Chalk

@article{farouk2020geochemical,
  title={Geochemical characteristics of carbonaceous chalk near the Cretaceous/Paleogene transition, central Jordan: Strong metal enrichment of redox-sensitive and biophile elements from remineralized calcitic plankton},
  author={Farouk, Sherif and Ahmad, Fayez and Baioumy, Hassan and Lehmann, Bernd and Mohammed, Ibrahim Q and Al-Kahtany, Khaled},
  journal={Marine and Petroleum Geology},
  volume={120},
  pages={104535},
  year={2020},
  publisher={Elsevier}
}

% Vertical migration

%% Impact on the biological pump

@article{bianchi2013diel,
  title={Diel vertical migration: Ecological controls and impacts on the biological pump in a one-dimensional ocean model},
  author={Bianchi, Daniele and Stock, Charles and Galbraith, Eric D and Sarmiento, Jorge L},
  journal={Global Biogeochemical Cycles},
  volume={27},
  number={2},
  pages={478--491},
  year={2013},
  publisher={Wiley Online Library}
}

@article{archibald2019modeling,
  title={Modeling the impact of zooplankton diel vertical migration on the carbon export flux of the biological pump},
  author={Archibald, Kevin M and Siegel, David A and Doney, Scott C},
  journal={Global Biogeochemical Cycles},
  volume={33},
  number={2},
  pages={181--199},
  year={2019},
  publisher={Wiley Online Library}
}

@book{cuvier1817regne,
  title={Le Règne Animal.},
  author={Cuvier, Georges},
  year={1817},
  publisher={chez Deterville}
}

@article{last2016moonlight,
  title={Moonlight drives ocean-scale mass vertical migration of zooplankton during the Arctic winter},
  author={Last, Kim S and Hobbs, Laura and Berge, J{\o}rgen and Brierley, Andrew S and Cottier, Finlo},
  journal={Current Biology},
  volume={26},
  number={2},
  pages={244--251},
  year={2016},
  publisher={Elsevier}
}

@article{bandara2021two,
  title={Two hundred years of zooplankton vertical migration research},
  author={Bandara, Kanchana and Varpe, {\O}ystein and Wijewardene, Lishani and Tverberg, Vigdis and Eiane, Ketil},
  journal={Biological Reviews},
  volume={96},
  number={4},
  pages={1547--1589},
  year={2021},
  publisher={Wiley Online Library}
}

@article{omand2021cloud,
  title={Cloud shadows drive vertical migrations of deep-dwelling marine life},
  author={Omand, Melissa M and Steinberg, Deborah K and Stamieszkin, Karen},
  journal={Proceedings of the National Academy of Sciences},
  volume={118},
  number={32},
  pages={e2022977118},
  year={2021},
  publisher={National Acad Sciences}
}

@article{adhikari2018effect,
  title={Effect of a total solar eclipse on the surface crowding of zooplankton in a freshwater lake ecosystem},
  author={Adhikari, Shuvadip and Goswami, Abhishek Roy and Roy, Utpal Singha and Aich, Anulipi and Datta, Kanad and Mukhopadhyay, Subhra Kumar},
  journal={Limnology},
  volume={19},
  number={2},
  pages={253--270},
  year={2018},
  publisher={Springer}
}

@article{cottier2006unsynchronised,
  title={Unsynchronised and synchronised vertical migration of zooplankton in a high Arctic fjord},
  author={Cottier, Finlo R and Tarling, Geraint A and Wold, Anette and Falk-Petersen, Stig},
  journal={Limnology and Oceanography},
  volume={51},
  number={6},
  pages={2586--2599},
  year={2006},
  publisher={Wiley Online Library}
}

@article{richards1996diel,
  title={Diel vertical migration: modelling light-mediated mechanisms},
  author={Richards, Shane A and Possingham, Hugh P and Noye, John},
  journal={Journal of Plankton Research},
  volume={18},
  number={12},
  pages={2199--2222},
  year={1996},
  publisher={Oxford University Press}
}

@article{van2013diel,
  title={Diel vertical migration in deep sea plankton is finely tuned to latitudinal and seasonal day length},
  author={van Haren, Hans and Compton, Tanya J},
  journal={PLoS One},
  volume={8},
  number={5},
  pages={e64435},
  year={2013},
  publisher={Public Library of Science San Francisco, USA}
}

@article{naess1991diapausing,
  title={Diapausing fertilized adults},
  author={N{\ae}ss, Tore and Nilssen, Jens Petter},
  journal={Oecologia},
  volume={86},
  number={3},
  pages={368--371},
  year={1991},
  publisher={Springer}
}

@article{kaartvedt1996habitat,
  title={Habitat preference during overwintering and timing of seasonal vertical migration of Calanus finmarchicus},
  author={Kaartvedt, Stein},
  journal={Ophelia},
  volume={44},
  number={1-3},
  pages={145--156},
  year={1996},
  publisher={Taylor \& Francis}
}

@article{mcmanus2012plankton,
  title={Plankton distribution and ocean dispersal},
  author={McManus, Margaret Anne and Woodson, C Brock},
  journal={Journal of Experimental Biology},
  volume={215},
  number={6},
  pages={1008--1016},
  year={2012},
  publisher={Company of Biologists}
}

@article{kim1994larval,
  title={Larval dispersal via entrainment into hydrothermal vent plumes},
  author={Kim, Stacy L and Mullineaux, Lauren S and Helfrich, Karl R},
  journal={Journal of Geophysical Research: Oceans},
  volume={99},
  number={C6},
  pages={12655--12665},
  year={1994},
  publisher={Wiley Online Library}
}

@article{hamner1983behavior,
  title={Behavior of Antarctic krill, Euphausia superba: chemoreception, feeding, schooling, and molting},
  author={Hamner, William M and Hamner, Peggy P and Strand, Steven W and Gilmer, Ronald W},
  journal={Science},
  volume={220},
  number={4595},
  pages={433--435},
  year={1983},
  publisher={American Association for the Advancement of Science}
}

% Optimallity and biology

@article{smith2011optimality,
  title={Optimality-based modeling of planktonic organisms},
  author={Smith, S Lan and Pahlow, Markus and Merico, Agostino and Wirtz, Kai W},
  journal={Limnology and Oceanography},
  volume={56},
  number={6},
  pages={2080--2094},
  year={2011},
  publisher={Wiley Online Library}
}

% COPEPODS

@article{heuschele2014chemical,
  title={The chemical ecology of copepods},
  author={Heuschele, Jan and Selander, Erik},
  journal={Journal of plankton research},
  volume={36},
  number={4},
  pages={895--913},
  year={2014},
  publisher={Oxford University Press}
}

% SENSING

@article{fuchs2015hydrodynamic,
  title={Hydrodynamic sensing and behavior by oyster larvae in turbulence and waves},
  author={Fuchs, Heidi L and Gerbi, Gregory P and Hunter, Elias J and Christman, Adam J and Diez, F Javier},
  journal={The Journal of Experimental Biology},
  volume={218},
  number={9},
  pages={1419--1432},
  year={2015},
  publisher={The Company of Biologists}
}

@article{fields2010orientation,
  title={Orientation affects the sensitivity of Acartia tonsa to fluid mechanical signals},
  author={Fields, David M},
  journal={Marine biology},
  volume={157},
  number={3},
  pages={505--514},
  year={2010},
  publisher={Springer}
}

% CHEMICAL TRAIL FOLLOWING

@article{weissburg1998following,
  title={Following the invisible trail: kinematic analysis of mate-tracking in the copepod Temora longicornis},
  author={Weissburg, Marc J and Doall, MH and Yen, Jeannette},
  journal={Philosophical Transactions of the Royal Society of London. Series B: Biological Sciences},
  volume={353},
  number={1369},
  pages={701--712},
  year={1998},
  publisher={The Royal Society}
}

@article{bagoien2005blind,
  title={Blind dating—mate finding in planktonic copepods. I. Tracking the pheromone trail of Centropages typicus},
  author={Bag{\o}ien, Espen and Ki{\o}rboe, Thomas},
  journal={Marine Ecology Progress Series},
  volume={300},
  pages={105--115},
  year={2005}
}

@incollection{yen2010chemical,
  title={Chemical communication between copepods: finding the mate in a fluid environment},
  author={Yen, Jeannette and Lasley, Rachel},
  booktitle={Chemical communication in crustaceans},
  pages={177--197},
  year={2010},
  publisher={Springer}
}

@article{lombard2013copepods,
  title={Copepods use chemical trails to find sinking marine snow aggregates},
  author={Lombard, Fabien and Koski, Marja and Ki{\o}rboe, Thomas},
  journal={Limnology and oceanography},
  volume={58},
  number={1},
  pages={185--192},
  year={2013},
  publisher={Wiley Online Library}
}

@article{lange2021sperm,
  title={Sperm chemotaxis in marine species is optimal at physiological flow rates according theory of filament surfing},
  author={Lange, Steffen and Friedrich, Benjamin M},
  journal={PLoS computational biology},
  volume={17},
  number={4},
  pages={e1008826},
  year={2021},
  publisher={Public Library of Science San Francisco, CA USA}
}

@article{koehl2007individual,
  title={Individual-based model of larval transport to coral reefs in turbulent, wave-driven flow: behavioral responses to dissolved settlement inducer},
  author={Koehl, MAR and Strother, JA and Reidenbach, MA and Koseff, JR and Hadfield, MG},
  journal={Marine Ecology Progress Series},
  volume={335},
  pages={1--18},
  year={2007}
}

@article{vergassola2007infotaxis,
  title={‘Infotaxis’ as a strategy for searching without gradients},
  author={Vergassola, Massimo and Villermaux, Emmanuel and Shraiman, Boris I},
  journal={Nature},
  volume={445},
  number={7126},
  pages={406--409},
  year={2007},
  publisher={Nature Publishing Group}
}

@article{lu2011learning,
  title={A learning particle swarm optimization algorithm for odor source localization},
  author={Lu, Qiang and Luo, Ping},
  journal={International Journal of Automation and Computing},
  volume={8},
  number={3},
  pages={371--380},
  year={2011},
  publisher={Springer}
}

@article{fischer2017odor,
  title={Odor perception by dogs: evaluating two training approaches for odor learning of sniffer dogs},
  author={Fischer-Tenhagen, Carola and Johnen, Dorothea and Heuwieser, Wolfgang and Becker, Roland and Schallschmidt, Kristin and Nehls, Irene},
  journal={Chemical senses},
  volume={42},
  number={5},
  pages={435--441},
  year={2017},
  publisher={Oxford University Press}
}

@article{jing2021recent,
  title={Recent progress and trend of robot odor source localization},
  author={Jing, Tao and Meng, Qing-Hao and Ishida, Hiroshi},
  journal={IEEJ Transactions on Electrical and Electronic Engineering},
  volume={16},
  number={7},
  pages={938--953},
  year={2021},
  publisher={Wiley Online Library}
}

@article{liberzon2018moth,
  title={Moth-inspired navigation algorithm in a turbulent odor plume from a pulsating source},
  author={Liberzon, Alexander and Harrington, Kyra and Daniel, Nimrod and Gurka, Roi and Harari, Ally and Zilman, Gregory},
  journal={PloS one},
  volume={13},
  number={6},
  pages={e0198422},
  year={2018},
  publisher={Public Library of Science San Francisco, CA USA}
}

@article{loisy2022searching,
  title={Searching for a source without gradients: how good is infotaxis and how to beat it},
  author={Loisy, Aurore and Eloy, Christophe},
  journal={Proceedings of the Royal Society A},
  volume={478},
  number={2262},
  pages={20220118},
  year={2022},
  publisher={The Royal Society}
}

@article{rigolli2022learning,
  title={Learning to predict target location with turbulent odor plumes},
  author={Rigolli, Nicola and Magnoli, Nicodemo and Rosasco, Lorenzo and Seminara, Agnese},
  journal={Elife},
  volume={11},
  pages={e72196},
  year={2022},
  publisher={eLife Sciences Publications Limited}
}

% Prey predator strategies

@article{zhu2022optimising,
  title={Optimising low-Reynolds-number predation via optimal control and reinforcement learning},
  author={Zhu, Guangpu and Fang, Wen and Zhu, Lailai and others},
  journal={arXiv preprint arXiv:2203.07196},
  year={2022}
}

@article{borra2022reinforcement,
  title={Reinforcement learning for pursuit and evasion of microswimmers at low Reynolds number},
  author={Borra, Francesco and Biferale, Luca and Cencini, Massimo and Celani, Antonio},
  journal={Physical Review Fluids},
  volume={7},
  number={2},
  pages={023103},
  year={2022},
  publisher={APS}
}

@article{gerhard2021hunting,
  title={Hunting active Brownian particles: Learning optimal behavior},
  author={Gerhard, Marcel and Jayaram, Ashreya and Fischer, Andreas and Speck, Thomas},
  journal={Physical Review E},
  volume={104},
  number={5},
  pages={054614},
  year={2021},
  publisher={APS}
}

@article{fabian2018interception,
  title={Interception by two predatory fly species is explained by a proportional navigation feedback controller},
  author={Fabian, Samuel T and Sumner, Mary E and Wardill, Trevor J and Rossoni, Sergio and Gonzalez-Bellido, Paloma T},
  journal={Journal of The Royal Society Interface},
  volume={15},
  number={147},
  pages={20180466},
  year={2018},
  publisher={The Royal Society}
}

@article{ren2021bluff,
  title={Bluff body uses deep-reinforcement-learning trained active flow control to achieve hydrodynamic stealth},
  author={Ren, Feng and Wang, Chenglei and Tang, Hui},
  journal={Physics of Fluids},
  volume={33},
  number={9},
  pages={093602},
  year={2021},
  publisher={AIP Publishing LLC}
}

@article{colabrese2017flow,
  title={Flow navigation by smart microswimmers via reinforcement learning},
  author={Colabrese, Simona and Gustavsson, Kristian and Celani, Antonio and Biferale, Luca},
  journal={Physical review letters},
  volume={118},
  number={15},
  pages={158004},
  year={2017},
  publisher={APS}
}

@article{gustavsson2017finding,
  title={Finding efficient swimming strategies in a three-dimensional chaotic flow by reinforcement learning},
  author={Gustavsson, Kristian and Biferale, Luca and Celani, Antonio and Colabrese, Simona},
  journal={The European Physical Journal E},
  volume={40},
  number={12},
  pages={1--6},
  year={2017},
  publisher={Springer}
}

@article{alageshan2020machine,
  title={Machine learning strategies for path-planning microswimmers in turbulent flows},
  author={Alageshan, Jaya Kumar and Verma, Akhilesh Kumar and Bec, J{\'e}r{\'e}mie and Pandit, Rahul},
  journal={Physical Review E},
  volume={101},
  number={4},
  pages={043110},
  year={2020},
  publisher={APS}
}

% Bioluminescence

@article{buskey1983behavioral,
  title={Behavioral responses of the coastal copepod Acartia hudsonica (Pinhey) to simulated dinoflagellate bioluminescence},
  author={Buskey, Edward J and Swift, Elijah},
  journal={Journal of Experimental Marine Biology and Ecology},
  volume={72},
  number={1},
  pages={43--58},
  year={1983},
  publisher={Elsevier}
}

@article{buskey1985behavioral,
  title={Behavioral responses of oceanic zooplankton to simulated bioluminescence},
  author={Buskey, Edward J and Swift, Elijah},
  journal={The Biological Bulletin},
  volume={168},
  number={2},
  pages={263--275},
  year={1985},
  publisher={Marine Biological Laboratory}
}

@article{jekely2008mechanism,
  title={Mechanism of phototaxis in marine zooplankton},
  author={J{\'e}kely, G{\'a}sp{\'a}r and Colombelli, Julien and Hausen, Harald and Guy, Keren and Stelzer, Ernst and N{\'e}d{\'e}lec, Fran{\c{c}}ois and Arendt, Detlev},
  journal={Nature},
  volume={456},
  number={7220},
  pages={395--399},
  year={2008},
  publisher={Nature Publishing Group}
}

@article{haddock2010bioluminescence,
  title={Bioluminescence in the sea},
  author={Haddock, Steven HD and Moline, Mark A and Case, James F},
  year={2010}
}

@article{martini2017quantification,
  title={Quantification of bioluminescence from the surface to the deep sea demonstrates its predominance as an ecological trait},
  author={Martini, S{\'e}verine and Haddock, Steven HD},
  journal={Scientific reports},
  volume={7},
  number={1},
  pages={1--11},
  year={2017},
  publisher={Nature Publishing Group}
}

@article{tanaka2019biased,
  title={Biased measurements by stationary turbidity-fluorescence instruments due to phototactic zooplankton behavior},
  author={Tanaka, Mamoru and Genin, Amatzia and Lopes, Rubens M and Strickler, J Rudi and Yamazaki, Hidekatsu},
  journal={Limnology and Oceanography: Methods},
  volume={17},
  number={9},
  pages={505--513},
  year={2019},
  publisher={Wiley Online Library}
}

@article{ringelberg1999photobehaviour,
  title={The photobehaviour of Daphnia spp. as a model to explain diel vertical migration in zooplankton},
  author={Ringelberg, Joop},
  journal={Biological Reviews},
  volume={74},
  number={4},
  pages={397--423},
  year={1999},
  publisher={Cambridge University Press}
}

@article{krafft2021antarctic,
  title={Antarctic krill (Euphausia superba) exhibit positive phototaxis to white LED light},
  author={Krafft, Bj{\o}rn A and Krag, Ludvig A},
  journal={Polar Biology},
  volume={44},
  number={3},
  pages={483--489},
  year={2021},
  publisher={Springer}
}

@article{stearns1984photosensitivity,
  title={Photosensitivity of the calanoid copepod Acartia tonsa},
  author={Stearns, DE and Forward, RB},
  journal={Marine Biology},
  volume={82},
  number={1},
  pages={85--89},
  year={1984},
  publisher={Springer}
}

@article{williams2022oyster,
  title={Oyster larvae swim along gradients of sound},
  author={Williams, Brittany R and McAfee, Dominic and Connell, Sean D},
  journal={Journal of Applied Ecology},
  year={2022},
  publisher={Wiley Online Library}
}

% INDIVIDUAL BEHAVIOR MAY LARGE IMPACT OVER LARGE SCALE HORIZONTAL DISTRIBUATIONS OF PLANKTERS

@article{siegel2003lagrangian,
  title={Lagrangian descriptions of marine larval dispersion},
  author={Siegel, DA and Kinlan, BP and Gaylord, B and Gaines, SD},
  journal={Marine Ecology Progress Series},
  volume={260},
  pages={83--96},
  year={2003}
}

@article{morgan2021robotic,
  title={Robotic biomimicry demonstrates behavioral control of planktonic dispersal in the sea},
  author={Morgan, SG and Dibble, CD and Susner, MG and Wolcott, TG and Wolcott, DL and Largier, JL},
  journal={Marine Ecology Progress Series},
  volume={663},
  pages={51--61},
  year={2021}
}

@article{naylor2006orientation,
  title={Orientation and navigation in coastal and estuarine zooplankton},
  author={Naylor, E},
  journal={Marine and Freshwater Behaviour and Physiology},
  volume={39},
  number={1},
  pages={13--24},
  year={2006},
  publisher={Taylor \& Francis}
}

@article{vikebo2007drift,
  title={Drift, growth, and survival of larval Northeast Arctic cod with simple rules of behaviour},
  author={Vikeb{\o}, Frode and J{\o}rgensen, Christian and Kristiansen, Trond and Fiksen, {\O}yvind},
  journal={Marine Ecology Progress Series},
  volume={347},
  pages={207--219},
  year={2007}
}

% INSECTS ODOR TRACKING

@article{carde2008navigational,
  title={Navigational strategies used by insects to find distant, wind-borne sources of odor},
  author={Card{\'e}, Ring T and Willis, Mark A},
  journal={Journal of chemical ecology},
  volume={34},
  number={7},
  pages={854--866},
  year={2008},
  publisher={Springer}
}

@article{willis2011role,
  title={The role of vision in odor-plume tracking by walking and flying insects},
  author={Willis, Mark A and Avondet, Jennifer L and Zheng, Elizabeth},
  journal={Journal of Experimental Biology},
  volume={214},
  number={24},
  pages={4121--4132},
  year={2011},
  publisher={Company of Biologists}
}

% Plankter odors

@article{hay2009marine,
  title={Marine chemical ecology: chemical signals and cues structure marine populations, communities, and ecosystems},
  author={Hay, Mark E},
  journal={Annual review of marine science},
  volume={1},
  pages={193},
  year={2009},
  publisher={NIH Public Access}
}

% Plankton image

@article{nadeau2016microbial,
  title={Microbial morphology and motility as biosignatures for outer planet missions},
  author={Nadeau, Jay and Lindensmith, Chris and Deming, Jody W and Fernandez, Vicente I and Stocker, Roman},
  journal={Astrobiology},
  volume={16},
  number={10},
  pages={755--774},
  year={2016},
  publisher={Mary Ann Liebert, Inc. 140 Huguenot Street, 3rd Floor New Rochelle, NY 10801 USA}
}

% MISSILLE GUIDANCE

@book{shneydor1998missile,
  title={Missile guidance and pursuit: kinematics, dynamics and control},
  author={Shneydor, Neryahu A},
  year={1998},
  publisher={Elsevier}
}

@article{gunnarson2021learning,
  title={Learning efficient navigation in vortical flow fields},
  author={Gunnarson, Peter and Mandralis, Ioannis and Novati, Guido and Koumoutsakos, Petros and Dabiri, John O},
  journal={Nature Communications},
  volume={12},
  number={1},
  pages={1--7},
  year={2021},
  publisher={Nature Publishing Group}
}

@incollection{kiorboe2018mechanistic,
  title={A mechanistic approach to plankton ecology},
  author={Ki{\o}rboe, Thomas},
  booktitle={A Mechanistic Approach to Plankton Ecology},
  year={2018},
  publisher={Princeton University Press}
}

% MISC

@article{qiu2022active,
  title={Active gyrotactic stability of microswimmers using hydromechanical signals},
  author={Qiu, Jingran and Mousavi, Navid and Zhao, Lihao and Gustavsson, Kristian},
  journal={Physical Review Fluids},
  volume={7},
  number={1},
  pages={014311},
  year={2022},
  publisher={APS}
}
