% TURBULENCE

@book{frisch1995turbulence,
  title={Turbulence: the legacy of AN Kolmogorov},
  author={Frisch, Uriel and Kolmogorov, Andre{\u\i} Nikolaevich},
  year={1995},
  publisher={Cambridge university press}
}

@article{yu_lagrangian_2010,
	author = {Yu, Huidan and Meneveau, Charles},
	doi = {10.1103/PhysRevLett.104.084502},
	file = {Yu and Meneveau - 2010 - Lagrangian Refined Kolmogorov Similarity Hypothesi.pdf:/home/rmonthil/Zotero/storage/M96CYEEZ/Yu and Meneveau - 2010 - Lagrangian Refined Kolmogorov Similarity Hypothesi.pdf:application/pdf},
	issn = {0031-9007, 1079-7114},
	journal = {Phys. Rev. Lett.},
	month = feb,
	number = {8},
	pages = {084502},
	title = {Lagrangian {Refined} {Kolmogorov} {Similarity} {Hypothesis} for {Gradient} {Time} {Evolution} and {Correlation} in {Turbulent} {Flows}},
	volume = {104},
	year = {2010},
	Bdsk-Url-1 = {https://doi.org/10.1103/PhysRevLett.104.084502}
}

@article{li2005origin,
  title={Origin of non-Gaussian statistics in hydrodynamic turbulence},
  author={Li, Yi and Meneveau, Charles},
  journal={Physical review letters},
  volume={95},
  number={16},
  pages={164502},
  year={2005},
  publisher={APS}
}

@article{sreenivasan1995universality,
  title={On the universality of the Kolmogorov constant},
  author={Sreenivasan, Katepalli R},
  journal={Physics of Fluids},
  volume={7},
  number={11},
  pages={2778--2784},
  year={1995},
  publisher={American Institute of Physics}
}

@book{lesieur2014turbulence,
  title={Turbulence (Edition 2013)},
  author={Lesieur, Marcel},
  year={2014},
  publisher={EDP sciences}
}

%% LAGRANGIAN CHAOS

@article{borgas1993multifractal,
  title={The multifractal Lagrangian nature of turbulence},
  author={Borgas, MS},
  journal={Philosophical Transactions of the Royal Society of London. Series A: Physical and Engineering Sciences},
  volume={342},
  number={1665},
  pages={379--411},
  year={1993},
  publisher={The Royal Society London}
}

@book{bohr1998dynamical,
  title={Dynamical systems approach to turbulence},
  author={Bohr, Tomas and Jensen, Mogens H and Paladin, Giovanni and Vulpiani, Angelo},
  year={1998}
}

@article{xia2013lagrangian,
  title={Lagrangian scale of particle dispersion in turbulence},
  author={Xia, Hua and Francois, Nicolas and Punzmann, Horst and Shats, Michael},
  journal={Nature communications},
  volume={4},
  number={1},
  pages={1--8},
  year={2013},
  publisher={Nature Publishing Group}
}

%% FINITE SIZE EFFECTS

@article{qureshi2007turbulent,
  title={Turbulent transport of material particles: an experimental study of finite size effects},
  author={Qureshi, Nauman M and Bourgoin, Micka{\"e}l and Baudet, Christophe and Cartellier, Alain and Gagne, Yves},
  journal={Physical review letters},
  volume={99},
  number={18},
  pages={184502},
  year={2007},
  publisher={APS}
}

@article{capecelatro2014numerical,
  title={Numerical study of collisional particle dynamics in cluster-induced turbulence},
  author={Capecelatro, Jesse and Desjardins, Olivier and Fox, Rodney O},
  journal={Journal of Fluid Mechanics},
  volume={747},
  year={2014},
  publisher={Cambridge University Press}
}

% BIOLOGIE

%% BIOLOGIE AND TURBULENCE

%%% HISTORICAL

@article{rothschild1988small,
  title={Small-scale turbulence and plankton contact rates},
  author={Rothschild, BJ and Osborn, TR},
  journal={Journal of plankton Research},
  volume={10},
  number={3},
  pages={465--474},
  year={1988},
  publisher={Oxford University Press}
}

@article{davis1991micropatchiness,
  title={Micropatchiness, turbulence and recruitment in plankton},
  author={Davis, Cabell S and Flierl, Glenn R and Wiebe, Ph H and Franks, PJS},
  journal={Journal of Marine Research},
  volume={49},
  number={1},
  pages={109--151},
  year={1991},
  publisher={Sears Foundation for Marine Research}
}

@article{peters2000effects,
  title={Effects of turbulence on plankton: an overview of experimental evidence and some theoretical considerations},
  author={Peters, Francesc and Marras{\'e}, C{\`e}lia},
  journal={Marine Ecology Progress Series},
  volume={205},
  pages={291--306},
  year={2000}
}

%%% CHARACTERIZING PLANKTON HABITATS

@article{fuchs2016seascape,
  title={Seascape-level variation in turbulence-and wave-generated hydrodynamic signals experienced by plankton},
  author={Fuchs, Heidi L and Gerbi, Gregory P},
  journal={Progress in Oceanography},
  volume={141},
  pages={109--129},
  year={2016},
  publisher={Elsevier}
}

@article{franks2022oceanic,
  title={Oceanic turbulence from a planktonic perspective},
  author={Franks, Peter JS and Inman, Bryce G and MacKinnon, Jennifer A and Alford, Matthew H and Waterhouse, Amy F},
  journal={Limnology and Oceanography},
  volume={67},
  number={2},
  pages={348--363},
  year={2022},
  publisher={Wiley Online Library}
}

%%% CHARACTERIZING PLANKTON DYNAMICS

@article{saiz1995predatory,
  title={Predatory and suspension feeding of the copepod Acartia tonsa in turbulent environments},
  author={Saiz, Enric and Ki{\o}rboe, Thomas},
  journal={Marine Ecology Progress Series},
  volume={122},
  pages={147--158},
  year={1995}
}

@article{peters2000effects,
  title={Effects of turbulence on plankton: an overview of experimental evidence and some theoretical considerations},
  author={Peters, Francesc and Marras{\'e}, C{\`e}lia},
  journal={Marine Ecology Progress Series},
  volume={205},
  pages={291--306},
  year={2000}
}

@article{pecseli2019feeding,
  title={Feeding of plankton in turbulent oceans and lakes},
  author={P{\'e}cseli, Hans L and Trulsen, Jan K and Stiansen, Jan Erik and Sundby, Svein and Fossum, Petter},
  journal={Limnology and Oceanography},
  volume={64},
  number={3},
  pages={1034--1046},
  year={2019},
  publisher={Wiley Online Library}
}

@article{michalec2020efficient,
  title={Efficient mate finding in planktonic copepods swimming in turbulence},
  author={Michalec, Fran{\c{c}}ois-Ga{\"e}l and Fouxon, Itzhak and Souissi, Sami and Holzner, Markus},
  journal={Elife},
  volume={9},
  pages={e62014},
  year={2020},
  publisher={eLife Sciences Publications Limited}
}

@article{tanaka2021potential,
  title={The potential role of turbulence in modulating the migration of demersal zooplankton},
  author={Tanaka, Mamoru and Genin, Amatzia and Endo, Yoshinari and Ivey, Gregory N and Yamazaki, Hidekatsu},
  journal={Limnology and Oceanography},
  volume={66},
  number={3},
  pages={855--864},
  year={2021},
  publisher={Wiley Online Library}
}

@article{elmi2022copepod,
  title={Copepod interaction with small-scale, dissipative eddies in turbulence: Comparison among three marine species},
  author={Elmi, Dorsa and Webster, Donald R and Fields, David M},
  journal={Limnology and Oceanography},
  year={2022},
  publisher={Wiley Online Library}
}

%%% CHARACTERIZING PLANKTON SENSING

@article{kiorboe1999predator,
  title={Predator and prey perception in copepods due to hydromechanical signals},
  author={Ki{\o}rboe, Thomas and Visser, Andre W},
  journal={Marine Ecology Progress Series},
  volume={179},
  pages={81--95},
  year={1999}
}

@article{kiorboe1999hydrodynamic,
  title={Hydrodynamic signal perception in the copepod Acartia tonsa},
  author={Ki{\o}rboe, Thomas and Saiz, Enric and Visser, Andr{\'e}},
  journal={Marine Ecology Progress Series},
  volume={179},
  pages={97--111},
  year={1999}
}

@article{jiang2002hydrodynamic,
  title={Hydrodynamic interaction between two copepods: a numerical study},
  author={Jiang, Houshuo and Osborn, Thomas R and Meneveau, Charles},
  journal={Journal of plankton research},
  volume={24},
  number={3},
  pages={235--253},
  year={2002},
  publisher={Oxford University Press}
}

@article{fuchs2015directional,
  title={Directional flow sensing by passively stable larvae},
  author={Fuchs, Heidi L and Christman, Adam J and Gerbi, Gregory P and Hunter, Elias J and Diez, F Javier},
  journal={The Journal of experimental biology},
  volume={218},
  number={17},
  pages={2782--2792},
  year={2015},
  publisher={The Company of Biologists}
}

%% MATHS

@article{strang1968construction,
  title={On the construction and comparison of difference schemes},
  author={Strang, Gilbert},
  journal={SIAM journal on numerical analysis},
  volume={5},
  number={3},
  pages={506--517},
  year={1968},
  publisher={SIAM}
}

%% PATCHINESS

@article{monchaux2012analyzing,
  title={Analyzing preferential concentration and clustering of inertial particles in turbulence},
  author={Monchaux, Romain and Bourgoin, Mickael and Cartellier, Alain},
  journal={International Journal of Multiphase Flow},
  volume={40},
  pages={1--18},
  year={2012},
  publisher={Elsevier}
}

@article{gustavsson2016preferential,
  title={Preferential sampling and small-scale clustering of gyrotactic microswimmers in turbulence},
  author={Gustavsson, K and Berglund, F and Jonsson, PR and Mehlig, B},
  journal={Physical review letters},
  volume={116},
  number={10},
  pages={108104},
  year={2016},
  publisher={APS}
}
 % ME !!!

 @article{monthiller2022surfing,
   title={Surfing on Turbulence: A Strategy for Planktonic Navigation},
   author={Monthiller, R{\'e}mi and Loisy, Aurore and Koehl, Mimi AR and Favier, Benjamin and Eloy, Christophe},
   journal={Physical Review Letters},
   volume={129},
   number={6},
   pages={064502},
   year={2022},
   publisher={APS}
 }

%% CONTROL

@book{bequette2003process,
  title={Process control: modeling, design, and simulation},
  author={Bequette, B Wayne},
  year={2003},
  publisher={Prentice Hall Professional}
}

%% UPWELLINGS

@article{aure1988wind,
  title={Wind effects on the lateral extension of the Norwegian Coastal Water},
  author={Aure, J and Lj{\o}en, R and others},
  journal={Continental Shelf Research},
  volume={8},
  number={3},
  pages={239--253},
  year={1988},
  publisher={Elsevier}
}

@article{crepon1984effects,
  title={Effects of coastline geometry on upwellings},
  author={Cr{\'e}pon, Michel and Richez, Claude and Chartier, Michel},
  journal={Journal of Physical Oceanography},
  volume={14},
  number={8},
  pages={1365--1382},
  year={1984}
}

@article{millot1979wind,
  title={Wind induced upwellings in the Gulf of Lions},
  author={Millot, Claude},
  journal={Oceanologica Acta},
  volume={2},
  number={3},
  pages={261--274},
  year={1979},
  publisher={Gauthier-Villars}
}

@article{vinayachandran2021reviews,
  title={Reviews and syntheses: Physical and biogeochemical processes associated with upwelling in the Indian Ocean},
  author={Vinayachandran, Puthenveettil Narayana Menon and Masumoto, Yukio and Roberts, Michael J and Huggett, Jenny A and Halo, Issufo and Chatterjee, Abhisek and Amol, Prakash and Gupta, Garuda VM and Singh, Arvind and Mukherjee, Arnab and others},
  journal={Biogeosciences},
  volume={18},
  number={22},
  pages={5967--6029},
  year={2021},
  publisher={Copernicus GmbH}
}

%% VORTICITY STRAIN-RATE CORRELATIONS

@article{buaria2022vorticity,
  title={Vorticity-strain rate dynamics and the smallest scales of turbulence},
  author={Buaria, Dhawal and Pumir, Alain},
  journal={Physical Review Letters},
  volume={128},
  number={9},
  pages={094501},
  year={2022},
  publisher={APS}
}

%%REINFORCEMENT LEARNING

@article{Alageshan2020,
	author = {Alageshan, J. K. and Verma, A. K. and Bec, J. and Pandit, R.},
	date = {2020-04},
    year={2020},
	doi = {10.1103/PhysRevE.101.043110},
	journal = {Phys. Rev. E},
	number = {4},
	pages = {043110--043110},
	publisher = {{American Physical Society}},
	title = {Machine Learning Strategies for Path-Planning Microswimmers in Turbulent Flows},
	volume = {101},
	Bdsk-Url-1 = {https://doi.org/10.1103/PhysRevE.101.043110}}

@article{Biferale2019,
	author = {Biferale, L. and Bonaccorso, F. and Buzzicotti, M. and Clark Di Leoni, P. and Gustavsson, K.},
	date = {2019-10},
	doi = {10.1063/1.5120370},
	journal = {Chaos},
	number = {10},
	pages = {103138--103138},
	publisher = {{AIP Publishing LLC}},
	title = {Zermelo's Problem: {{Optimal}} Point-to-Point Navigation in {{2D}} Turbulent Flows Using Reinforcement Learning},
	volume = {29},
	Bdsk-Url-1 = {https://doi.org/10.1063/1.5120370}}

@article{Colabrese2017,
	author = {Colabrese, S. and Gustavsson, K. and Celani, A. and Biferale, L.},
	date = {2017-04},
	date-modified = {2021-05-19 12:39:57 +0200},
	doi = {10.1103/PhysRevLett.118.158004},
	journal = {Phys. Rev. Lett.},
	number = {15},
	pages = {158004--158004},
	publisher = {{American Physical Society}},
	title = {Flow {{Navigation}} by {{Smart Microswimmers}} via {{Reinforcement Learning}}},
	volume = {118},
	year = {2017},
	Bdsk-Url-1 = {https://doi.org/10.1103/PhysRevLett.118.158004}}

@article{Daddi-Moussa-Ider2021,
	author = {Daddi-Moussa-Ider, Abdallah and L\"owen, Hartmut and Liebchen, Benno},
	date = {2021-02-02},
	doi = {10.1038/s42005-021-00522-6},
	issn = {2399-3650},
	issue = {1},
	journal = {Commun. Phys.},
	langid = {english},
	number = {1},
	pages = {1--11},
	publisher = {{Nature Publishing Group}},
	title = {Hydrodynamics Can Determine the Optimal Route for Microswimmer Navigation},
	volume = {4},
	Bdsk-Url-1 = {https://doi.org/10.1038/s42005-021-00522-6}}

@article{Gustavsson2017,
	author = {Gustavsson, K. and Biferale, L. and Celani, A. and Colabrese, S.},
	date = {2017-12},
	doi = {10.1140/epje/i2017-11602-9},
	journaltitle = {Eur. Phys. J. E},
	number = {12},
	pages = {110--110},
	publisher = {{Springer}},
	title = {Finding Efficient Swimming Strategies in a Three-Dimensional Chaotic Flow by Reinforcement Learning},
	volume = {40},
    year={2017},
	Bdsk-Url-1 = {https://doi.org/10.1140/epje/i2017-11602-9}}

@online{Gunnarson2021arxiv,
	archiveprefix = {arXiv},
	author = {Gunnarson, P. and Mandralis, I. and Novati, G. and Koumoutsakos, P. and Dabiri, J. O.},
	date = {2021-02-21},
    year={2020},
	eprint = {2102.10536},
	eprinttype = {arxiv},
	primaryclass = {physics},
	title = {Learning {{Efficient Navigation}} in {{Vortical Flow Fields}}}}

% TURBULENCE RESPONSE

@article{visser2001observations,
  title={Observations of copepod feeding and vertical distribution under natural turbulent conditions in the North Sea},
  author={Visser, AW and Saito, H and Saiz, E and Ki{\o}rboe, Thomas},
  journal={Marine Biology},
  volume={138},
  number={5},
  pages={1011--1019},
  year={2001},
  publisher={Springer}
}

@article{schmitt2011direct,
  title={Direct evidence of tidally oriented behavior of the copepod Eurytemora affinis in the Seine estuary},
  author={Schmitt, Francois G and Devreker, David and Dur, Gael and Souissi, Sami},
  journal={Ecological research},
  volume={26},
  number={4},
  pages={773--780},
  year={2011},
  publisher={Springer}
}

@article{visser2009swimming,
  title={Swimming in turbulence: zooplankton fitness in terms of foraging efficiency and predation risk},
  author={Visser, Andr{\'e} W and Mariani, Patrizio and Pigolotti, Simone},
  journal={Journal of Plankton Research},
  volume={31},
  number={2},
  pages={121--133},
  year={2009},
  publisher={Oxford University Press}
}

@article{fuchs2013active,
  title={Active downward propulsion by oyster larvae in turbulence},
  author={Fuchs, Heidi L and Hunter, Elias J and Schmitt, Erika L and Guazzo, Regina A},
  journal={Journal of Experimental Biology},
  volume={216},
  number={8},
  pages={1458--1469},
  year={2013},
  publisher={Company of Biologists}
}

@article{fuchs2015hydrodynamic,
  title={Hydrodynamic sensing and behavior by oyster larvae in turbulence and waves},
  author={Fuchs, Heidi L and Gerbi, Gregory P and Hunter, Elias J and Christman, Adam J and Diez, F Javier},
  journal={The Journal of Experimental Biology},
  volume={218},
  number={9},
  pages={1419--1432},
  year={2015},
  publisher={The Company of Biologists}
}

@article{crimaldi2002hydrodynamics,
  title={Hydrodynamics of larval settlement: the influence of turbulent stress events at potential recruitment sites},
  author={Crimaldi, John P and Thompson, Janet K and Rosman, Johanna H and Lowe, Ryan J and Koseff, Jeffrey R},
  journal={Limnology and Oceanography},
  volume={47},
  number={4},
  pages={1137--1151},
  year={2002},
  publisher={Wiley Online Library}
}

@article{fuchs2007effects,
  title={Effects of turbulence-mediated larval behavior on larval supply and settlement in tidal currents},
  author={Fuchs, Heidi L and Neubert, Michael G and Mullineaux, Lauren S},
  journal={Limnology and Oceanography},
  volume={52},
  number={3},
  pages={1156--1165},
  year={2007},
  publisher={Wiley Online Library}
}

@article{eckman1998larval,
  title={Larval settlement in turbulent pipe flows},
  author={Eckman, James E and Duggins, David O},
  journal={Journal of Marine Research},
  volume={56},
  number={6},
  pages={1285--1312},
  year={1998},
  publisher={Sears Foundation for Marine Research}
}

@article{larsson2016instantaneous,
  title={Instantaneous flow structures and opportunities for larval settlement: barnacle larvae swim to settle},
  author={Larsson, Ann I and Granhag, Lena M and Jonsson, Per R},
  journal={PLoS One},
  volume={11},
  number={7},
  pages={e0158957},
  year={2016},
  publisher={Public Library of Science San Francisco, CA USA}
}

% TURBOPHORESIS

@article{caporaloni1975transfer,
  title={Transfer of particles in nonisotropic air turbulence.},
  author={Caporaloni, M and Tampieri, F and Trombetti, F and Vittori, O},
  journal={Journal of Atmospheric Sciences},
  volume={32},
  number={3},
  pages={565--568},
  year={1975}
}

@article{reeks1983transport,
  title={The transport of discrete particles in inhomogeneous turbulence},
  author={Reeks, MW},
  journal={Journal of aerosol science},
  volume={14},
  number={6},
  pages={729--739},
  year={1983},
  publisher={Elsevier}
}

@article{guha1997unified,
  title={A unified Eulerian theory of turbulent deposition to smooth and rough surfaces},
  author={Guha, Abhijit},
  journal={Journal of Aerosol Science},
  volume={28},
  number={8},
  pages={1517--1537},
  year={1997},
  publisher={Elsevier}
}

@article{guha2008transport,
  title={Transport and deposition of particles in turbulent and laminar flow},
  author={Guha, Abhijit},
  journal={Annu. Rev. Fluid Mech.},
  volume={40},
  pages={311--341},
  year={2008},
  publisher={Annual Reviews}
}

@article{johnson2020turbophoresis,
  title={Turbophoresis of small inertial particles: theoretical considerations and application to wall-modelled large-eddy simulations},
  author={Johnson, Perry L and Bassenne, Maxime and Moin, Parviz},
  journal={Journal of Fluid Mechanics},
  volume={883},
  year={2020},
  publisher={Cambridge University Press}
}

% PARTIAL MEASURE STRATEGY

@inproceedings{redaelli2021efficient,
  title={Efficient strategy to track a planktonic target from its hydrodynamic signature},
  author={Redaelli, Tommaso and Eloy, Christophe and Kanso, Eva},
  booktitle={APS Division of Fluid Dynamics Meeting Abstracts},
  pages={Q11--009},
  year={2021}
}

% LARVAL DISPERSION

@article{shima2010legacy,
  title={The legacy of dispersal: larval experience shapes persistence later in the life of a reef fish},
  author={Shima, Jeffrey S and Swearer, Stephen E},
  journal={Journal of Animal Ecology},
  volume={79},
  number={6},
  pages={1308--1314},
  year={2010},
  publisher={Wiley Online Library}
}

@article{siegel2003lagrangian,
  title={Lagrangian descriptions of marine larval dispersion},
  author={Siegel, DA and Kinlan, BP and Gaylord, B and Gaines, SD},
  journal={Marine Ecology Progress Series},
  volume={260},
  pages={83--96},
  year={2003}
}

% SWEEPING IN TURBULENCE

@article{nelkin1990time,
  title={Time correlations and random sweeping in isotropic turbulence},
  author={Nelkin, Mark and Tabor, M},
  journal={Physics of Fluids A: Fluid Dynamics},
  volume={2},
  number={1},
  pages={81--83},
  year={1990},
  publisher={American Institute of Physics}
}

@article{verma2020hydrodynamic,
  title={Hydrodynamic turbulence: sweeping effect and taylor’s hypothesis via correlation function},
  author={Verma, Mahendra K and Kumar, Abhishek and Gupta, Akanksha},
  journal={Transactions of the Indian National Academy of Engineering},
  volume={5},
  number={4},
  pages={649--662},
  year={2020},
  publisher={Springer}
}

% CORELATION TIME

@article{fang2015short,
  title={Short-time evolution of Lagrangian velocity gradient correlations in isotropic turbulence},
  author={Fang, Le and Bos, Wouter JT and Jin, GD},
  journal={Physics of Fluids},
  volume={27},
  number={12},
  pages={125102},
  year={2015},
  publisher={AIP Publishing LLC}
}

@article{yu2010lagrangian,
  title={Lagrangian refined Kolmogorov similarity hypothesis for gradient time evolution and correlation in turbulent flows},
  author={Yu, Huidan and Meneveau, Charles},
  journal={Physical review letters},
  volume={104},
  number={8},
  pages={084502},
  year={2010},
  publisher={APS}
}

@article{chevillard2011lagrangian,
  title={Lagrangian time correlations of vorticity alignments in isotropic turbulence: Observations and model predictions},
  author={Chevillard, Laurent and Meneveau, Charles},
  journal={Physics of Fluids},
  volume={23},
  number={10},
  pages={101704},
  year={2011},
  publisher={American Institute of Physics}
}
