% BIOLOGIE

@article{peters2000effects,
  title={Effects of turbulence on plankton: an overview of experimental evidence and some theoretical considerations},
  author={Peters, Francesc and Marras{\'e}, C{\`e}lia},
  journal={Marine Ecology Progress Series},
  volume={205},
  pages={291--306},
  year={2000}
}

@article{fuchs2015hydrodynamic,
  title={Hydrodynamic sensing and behavior by oyster larvae in turbulence and waves},
  author={Fuchs, Heidi L and Gerbi, Gregory P and Hunter, Elias J and Christman, Adam J and Diez, F Javier},
  journal={The Journal of Experimental Biology},
  volume={218},
  number={9},
  pages={1419--1432},
  year={2015},
  publisher={The Company of Biologists}
}

@article{fuchs2016seascape,
  title={Seascape-level variation in turbulence-and wave-generated hydrodynamic signals experienced by plankton},
  author={Fuchs, Heidi L and Gerbi, Gregory P},
  journal={Progress in Oceanography},
  volume={141},
  pages={109--129},
  year={2016},
  publisher={Elsevier}
}

@article{fuchs2018waves,
  title={Waves cue distinct behaviors and differentiate transport of congeneric snail larvae from sheltered versus wavy habitats},
  author={Fuchs, Heidi L and Gerbi, Gregory P and Hunter, Elias J and Christman, Adam J},
  journal={Proceedings of the National Academy of Sciences},
  volume={115},
  number={32},
  pages={E7532--E7540},
  year={2018},
  publisher={National Acad Sciences}
}

% VERTICAL MIGRATION

@article{hardy1954experimental,
  title={Experimental observations on the vertical migrations of plankton animals},
  author={Hardy, AC and Bainbridge, R},
  journal={Journal of the Marine Biological Association of the United Kingdom},
  volume={33},
  number={2},
  pages={409--448},
  year={1954},
  publisher={Cambridge University Press}
}

@article{williamson2011toward,
  title={Toward a more comprehensive theory of zooplankton diel vertical migration: Integrating ultraviolet radiation and water transparency into the biotic paradigm},
  author={Williamson, Craig E and Fischer, Janet M and Bollens, Stephen M and Overholt, Erin P and Breckenridge, Joanne K},
  journal={Limnology and oceanography},
  volume={56},
  number={5},
  pages={1603--1623},
  year={2011},
  publisher={Wiley Online Library}
}

@article{prairie2012biophysical,
  title={Biophysical interactions in the plankton: A cross-scale review},
  author={Prairie, Jennifer C and Sutherland, Kelly R and Nickols, Kerry J and Kaltenberg, Amanda M},
  journal={Limnology and Oceanography: Fluids and Environments},
  volume={2},
  number={1},
  pages={121--145},
  year={2012},
  publisher={Wiley Online Library}
}

% GRADIENTS

@article{meneveau2011lagrangian,
  title={Lagrangian dynamics and models of the velocity gradient tensor in turbulent flows},
  author={Meneveau, Charles},
  journal={Annual Review of Fluid Mechanics},
  volume={43},
  number={1},
  pages={219--245},
  year={2011},
  publisher={Annual Reviews, Inc., 4139 El Camino Way Box 10139 Palo Alto CA 94303-0139 USA}
}

@article{fang2015short,
  title={Short-time evolution of Lagrangian velocity gradient correlations in isotropic turbulence},
  author={Fang, Le and Bos, Wouter JT and Jin, GD},
  journal={Physics of Fluids},
  volume={27},
  number={12},
  pages={125102},
  year={2015},
  publisher={AIP Publishing LLC}
}

% TAYLOR GREEN VORTEX

@article{taylor1937mechanism,
  title={Mechanism of the production of small eddies from large ones},
  author={Taylor, Geoffrey Ingram and Green, Albert Edward},
  journal={Proceedings of the Royal Society of London. Series A-Mathematical and Physical Sciences},
  volume={158},
  number={895},
  pages={499--521},
  year={1937},
  publisher={The Royal Society London}
}

@article{langmuir1938surface,
  title={Surface motion of water induced by wind},
  author={Langmuir, Irving},
  journal={Science},
  volume={87},
  number={2250},
  pages={119--123},
  year={1938},
  publisher={American Association for the Advancement of Science}
}

@article{woodcock1941surface,
  title={Surface cooling and streaming in shallow fresh and salt waters},
  author={Woodcock, ALFRED H},
  journal={J. Mar. Res},
  volume={4},
  number={2},
  pages={153--161},
  year={1941}
}

@article{stommel1949trajectories,
  title={Trajectories of small bodies sinking slowly through convection cells},
  author={Stommel, Henry},
  journal={J. mar. Res},
  volume={8},
  number={11},
  pages={24--29},
  year={1949}
}

@article{samant2021dynamic,
  title={Dynamic mode decomposition of inertial particle caustics in Taylor--Green flow},
  author={Samant, Omstavan and Alageshan, Jaya Kumar and Sharma, Sarveshwar and Kuley, Animesh},
  journal={Scientific Reports},
  volume={11},
  number={1},
  pages={1--9},
  year={2021},
  publisher={Nature Publishing Group}
}

% PHYSICS

@article{bertrand1878homogeneite,
  title={Sur l'homog{\'e}n{\'e}it{\'e} dans les formules de physique},
  author={Bertrand, Jh},
  journal={Cahiers de recherche de l'Academie de Sciences},
  volume={86},
  pages={916--920},
  year={1878}
}

@inproceedings{vaschy1892lois,
  title={Sur les lois de similitude en physique},
  author={Vaschy, Aim{\'e}},
  booktitle={Annales t{\'e}l{\'e}graphiques},
  volume={19},
  pages={25--28},
  year={1892}
}

@article{buckingham1914physically,
  title={On physically similar systems; illustrations of the use of dimensional equations},
  author={Buckingham, Edgar},
  journal={Physical review},
  volume={4},
  number={4},
  pages={345},
  year={1914},
  publisher={APS}
}

% NAVIGATION

@article{colabrese2017flow,
  title={Flow navigation by smart microswimmers via reinforcement learning},
  author={Colabrese, Simona and Gustavsson, Kristian and Celani, Antonio and Biferale, Luca},
  journal={Physical review letters},
  volume={118},
  number={15},
  pages={158004},
  year={2017},
  publisher={APS}
}

@article{qiu2022navigation,
  title={Navigation of micro-swimmers in steady flow: The importance of symmetries},
  author={Qiu, Jingran and Mousavi, Navid and Gustavsson, Kristian and Xu, Chunxiao and Mehlig, Bernhard and Zhao, Lihao},
  journal={Journal of Fluid Mechanics},
  volume={932},
  year={2022},
  publisher={Cambridge University Press}
}

% POISEUILLE FLOW

@book{poiseuille1844recherches,
  title={Recherches exp{\'e}rimentales sur le mouvement des liquides dans les tubes de tr{\`e}s-petits diam{\`e}tres},
  author={Poiseuille, Jean Leonard},
  year={1844},
  publisher={Imprimerie Royale}
}

% MATHEMATICS

@article{hawkins1975cauchy,
  title={Cauchy and the spectral theory of matrices},
  author={Hawkins, Thomas},
  journal={Historia mathematica},
  volume={2},
  number={1},
  pages={1--29},
  year={1975},
  publisher={Elsevier}
}

@article{zottl2012nonlinear,
  title={Nonlinear dynamics of a microswimmer in Poiseuille flow},
  author={Z{\"o}ttl, Andreas and Stark, Holger},
  journal={Physical review letters},
  volume={108},
  number={21},
  pages={218104},
  year={2012},
  publisher={APS}
}

% OPTIMAL NAVIGATION

@article{liebchen2019optimal,
  title={Optimal navigation strategies for active particles},
  author={Liebchen, Benno and L{\"o}wen, Hartmut},
  journal={EPL (Europhysics Letters)},
  volume={127},
  number={3},
  pages={34003},
  year={2019},
  publisher={IOP Publishing}
}

% DSM

@article{martinez2018diffusive,
  title={The diffusive sheet method for scalar mixing},
  author={Mart{\'\i}nez-Ruiz, D and Meunier, P and Favier, B and Duchemin, L and Villermaux, E},
  journal={Journal of Fluid Mechanics},
  volume={837},
  pages={230--257},
  year={2018},
  publisher={Cambridge University Press}
}

# misc

@article{wang2012unsteady,
  title={Unsteady swimming of small organisms},
  author={Wang, Shiyan and Ardekani, AM},
  journal={Journal of Fluid Mechanics},
  volume={702},
  pages={286--297},
  year={2012},
  publisher={Cambridge University Press}
}

@article{more2020motion,
  title={Motion of an inertial squirmer in a density stratified fluid},
  author={More, Rishabh V and Ardekani, Arezoo M},
  journal={Journal of Fluid Mechanics},
  volume={905},
  year={2020},
  publisher={Cambridge University Press}
}
