# settling

## meteorology

@article{vaillancourt2000review,
  title={Review of particle-turbulence interactions and consequences for cloud physics},
  author={Vaillancourt, Paul A and Yau, MK},
  journal={Bulletin of the American Meteorological Society},
  volume={81},
  number={2},
  pages={285--298},
  year={2000},
  publisher={American Meteorological Society}
}

@article{devenish2012droplet,
  title={Droplet growth in warm turbulent clouds},
  author={Devenish, BJ and Bartello, Peter and Brenguier, J-L and Collins, LR and Grabowski, Wojciech W and IJzermans, RHA and Malinowski, Szymon P and Reeks, MW and Vassilicos, JC and Wang, L-P and others},
  journal={Quarterly Journal of the Royal Meteorological Society},
  volume={138},
  number={667},
  pages={1401--1429},
  year={2012},
  publisher={Wiley Online Library}
}

@article{li2021evidence,
  title={Evidence of preferential sweeping during snow settling in atmospheric turbulence},
  author={Li, Jiaqi and Abraham, Aliza and Guala, Michele and Hong, Jiarong},
  journal={Journal of Fluid Mechanics},
  volume={928},
  year={2021},
  publisher={Cambridge University Press}
}

## geoscience

@article{volk1980collisions,
  title={Collisions between grains in a turbulent gas},
  author={V{\"o}lk, HJ and Jones, FC and Morfill, GE and Roeser, S},
  journal={Astronomy and Astrophysics},
  volume={85},
  pages={316--325},
  year={1980}
}

@article{johansen2014multifaceted,
  title={The multifaceted planetesimal formation process},
  author={Johansen, Anders and Blum, J{\"u}rgen and Tanaka, Hidekazu and Ormel, Chris and Bizzarro, Martin and Rickman, Hans},
  journal={arXiv preprint arXiv:1402.1344},
  year={2014}
}

@article{hartlep2020cascade,
  title={Cascade model for planetesimal formation by turbulent clustering},
  author={Hartlep, Thomas and Cuzzi, Jeffrey N},
  journal={The Astrophysical Journal},
  volume={892},
  number={2},
  pages={120},
  year={2020},
  publisher={IOP Publishing}
}

# industry

@article{balachandar2010turbulent,
  title={Turbulent dispersed multiphase flow},
  author={Balachandar, S and Eaton, John K},
  journal={Annual review of fluid mechanics},
  volume={42},
  pages={111--133},
  year={2010},
  publisher={Annual Reviews}
}

@article{silva2015settling,
  title={Settling suspensions flow modelling: a review},
  author={Silva, Rui and Garcia, Fernando AP and Faia, Pedro MGM and Rasteiro, Maria G},
  journal={KONA Powder and Particle Journal},
  pages={2015009},
  year={2015},
  publisher={Hosokawa Powder Technology Foundation}
}

@article{gustavsson2016statistical,
  title={Statistical models for spatial patterns of heavy particles in turbulence},
  author={Gustavsson, K and Mehlig, B},
  journal={Advances in Physics},
  volume={65},
  number={1},
  pages={1--57},
  year={2016},
  publisher={Taylor \& Francis}
}

# biology
## marine snow

@techreport{alldredge1990particle,
  title={Particle Dynamics in the Sea: Processes of Production and Loss Governing the Abundance of Marine Snow},
  author={Alldredge, Alice L},
  year={1990},
  institution={CALIFORNIA UNIV SANTA BARBARA MARINE SCIENCE INST}
}

@article{kiorboe2001marine,
  title={Marine snow, organic solute plumes, and optimal chemosensory behavior of bacteria},
  author={Ki{\o}rboe, Thomas and Jackson, George A},
  journal={Limnology and Oceanography},
  volume={46},
  number={6},
  pages={1309--1318},
  year={2001},
  publisher={Wiley Online Library}
}

@article{kiorboe2001formation,
  title={Formation and fate of marine snow: small-scale processes with large-scale implications},
  author={Ki{\o}rboe, Thomas},
  journal={Scientia marina},
  volume={65},
  number={S2},
  pages={57--71},
  year={2001}
}

## plankton

@article{stommel1949trajectories,
  title={Trajectories of small bodies sinking slowly through convection cells},
  author={Stommel, Henry},
  journal={J. mar. Res},
  volume={8},
  number={11},
  pages={24--29},
  year={1949}
}

# aerosols

@article{kok2012physics,
  title={The physics of wind-blown sand and dust},
  author={Kok, Jasper F and Parteli, Eric JR and Michaels, Timothy I and Karam, Diana Bou},
  journal={Reports on progress in Physics},
  volume={75},
  number={10},
  pages={106901},
  year={2012},
  publisher={IOP Publishing}
}

@article{wallwork2022review,
  title={Review of Suspended Sediment Transport Mathematical Modelling Studies},
  author={Wallwork, Joseph T and Pu, Jaan H and Kundu, Snehasis and Hanmaiahgari, Prashanth R and Pandey, Manish and Satyanaga, Alfrendo and Khan, Md Amir and Wood, Alastair},
  journal={Fluids},
  volume={7},
  number={1},
  pages={23},
  year={2022},
  publisher={MDPI}
}

# inertial particles

## basic

@article{tooby1977motion,
  title={The motion of a small sphere in a rotating velocity field: a possible mechanism for suspending particles in turbulence},
  author={Tooby, Paul F and Wick, Gerald L and Isaacs, John D},
  journal={Journal of geophysical research},
  volume={82},
  number={15},
  pages={2096--2100},
  year={1977},
  publisher={Wiley Online Library}
}

@article{nielsen1993turbulence,
  title={Turbulence effects on the settling of suspended particles},
  author={Nielsen, Peter},
  journal={Journal of Sedimentary Research},
  volume={63},
  number={5},
  pages={835--838},
  year={1993},
  publisher={SEPM Society for Sedimentary Geology}
}

## theory

@article{maxey1986gravitational,
  title={Gravitational settling of aerosol particles in randomly oriented cellular flow fields},
  author={Maxey, MR t and Corrsin, S},
  journal={Journal of Atmospheric Sciences},
  volume={43},
  number={11},
  pages={1112--1134},
  year={1986}
}

@article{maxey1987motion,
  title={The motion of small spherical particles in a cellular flow field},
  author={Maxey, MR},
  journal={The Physics of fluids},
  volume={30},
  number={7},
  pages={1915--1928},
  year={1987},
  publisher={American Institute of Physics}
}

@article{maxey1987gravitational,
  title={The gravitational settling of aerosol particles in homogeneous turbulence and random flow fields},
  author={Maxey, Martin R},
  journal={Journal of fluid mechanics},
  volume={174},
  pages={441--465},
  year={1987},
  publisher={Cambridge University Press}
}

@article{wang1993settling,
  title={Settling velocity and concentration distribution of heavy particles in homogeneous isotropic turbulence},
  author={Wang, Lian-Ping and Maxey, Martin R},
  journal={Journal of fluid mechanics},
  volume={256},
  pages={27--68},
  year={1993},
  publisher={Cambridge University Press}
}

@article{tom2019multiscale,
  title={Multiscale preferential sweeping of particles settling in turbulence},
  author={Tom, Josin and Bragg, Andrew D},
  journal={Journal of Fluid Mechanics},
  volume={871},
  pages={244--270},
  year={2019},
  publisher={Cambridge University Press}
}

## simulations

@article{ireland2016effect,
  title={The effect of Reynolds number on inertial particle dynamics in isotropic turbulence. Part 2. Simulations with gravitational effects},
  author={Ireland, Peter J and Bragg, Andrew D and Collins, Lance R},
  journal={Journal of Fluid Mechanics},
  volume={796},
  pages={659--711},
  year={2016},
  publisher={Cambridge University Press}
}

@article{tom2019multiscale,
  title={Multiscale preferential sweeping of particles settling in turbulence},
  author={Tom, Josin and Bragg, Andrew D},
  journal={Journal of Fluid Mechanics},
  volume={871},
  pages={244--270},
  year={2019},
  publisher={Cambridge University Press}
}

@article{bragg2021mechanisms,
  title={Mechanisms governing the settling velocities and spatial distributions of inertial particles in wall-bounded turbulence},
  author={Bragg, Andrew D and Richter, David H and Wang, Guiquan},
  journal={Physical Review Fluids},
  volume={6},
  number={6},
  pages={064302},
  year={2021},
  publisher={APS}
}

## Equilibrium Eulerian Approaches

@article{ferry2001fast,
  title={A fast Eulerian method for disperse two-phase flow},
  author={Ferry, Jim and Balachandar, S},
  journal={International journal of multiphase flow},
  volume={27},
  number={7},
  pages={1199--1226},
  year={2001},
  publisher={Elsevier}
}

@article{ferry2003locally,
  title={A locally implicit improvement of the equilibrium Eulerian method},
  author={Ferry, Jim and Rani, Sarma L and Balachandar, S},
  journal={International journal of multiphase flow},
  volume={29},
  number={6},
  pages={869--891},
  year={2003},
  publisher={Elsevier}
}

@article{balachandar2010turbulent,
  title={Turbulent dispersed multiphase flow},
  author={Balachandar, S and Eaton, John K},
  journal={Annual review of fluid mechanics},
  volume={42},
  pages={111--133},
  year={2010},
  publisher={Annual Reviews}
}

@article{cerminara2016ashee,
  title={ASHEE-1.0: a compressible, equilibrium--Eulerian model for volcanic ash plumes},
  author={Cerminara, Matteo and Esposti Ongaro, Tomaso and Berselli, Luigi C},
  journal={Geoscientific Model Development},
  volume={9},
  number={2},
  pages={697--730},
  year={2016},
  publisher={Copernicus GmbH}
}

## experiments

@article{sumbekova2017preferential,
  title={Preferential concentration of inertial sub-Kolmogorov particles: the roles of mass loading of particles, Stokes numbers, and Reynolds numbers},
  author={Sumbekova, Sholpan and Cartellier, Alain and Aliseda, Alberto and Bourgoin, Mickael},
  journal={Physical Review Fluids},
  volume={2},
  number={2},
  pages={024302},
  year={2017},
  publisher={APS}
}

@article{petersen2019experimental,
  title={Experimental study of inertial particles clustering and settling in homogeneous turbulence},
  author={Petersen, Alec J and Baker, Lucia and Coletti, Filippo},
  journal={Journal of Fluid Mechanics},
  volume={864},
  pages={925--970},
  year={2019},
  publisher={Cambridge University Press}
}

## anisotropy

@article{oberbeck1876ueber,
  title={Ueber station{\"a}re Fl{\"u}ssigkeitsbewegungen mit Ber{\"u}cksichtigung der inneren Reibung.},
  author={Oberbeck, Anton},
  year={1876},
  publisher={Walter de Gruyter, Berlin/New York Berlin, New York}
}

@article{loth2008drag,
  title={Drag of non-spherical solid particles of regular and irregular shape},
  author={Loth, E},
  journal={Powder Technology},
  volume={182},
  number={3},
  pages={342--353},
  year={2008},
  publisher={Elsevier}
}

@article{toschi2009lagrangian,
  title={Lagrangian properties of particles in turbulence},
  author={Toschi, Federico and Bodenschatz, Eberhard},
  journal={Annual review of fluid mechanics},
  volume={41},
  pages={375--404},
  year={2009},
  publisher={Annual Reviews}
}

@article{voth2017anisotropic,
  title={Anisotropic particles in turbulence},
  author={Voth, Greg A and Soldati, Alfredo},
  journal={Annu. Rev. Fluid Mech},
  volume={49},
  number={1},
  pages={249--276},
  year={2017}
}

@article{gustavsson2019effect,
  title={Effect of fluid inertia on the orientation of a small prolate spheroid settling in turbulence},
  author={Gustavsson, K and Sheikh, MZ and Lopez, D and Naso, A and Pumir, Alain and Mehlig, B},
  journal={New Journal of Physics},
  volume={21},
  number={8},
  pages={083008},
  year={2019},
  publisher={IOP Publishing}
}

# shape

@article{gustavsson2016preferential,
  title={Preferential sampling and small-scale clustering of gyrotactic microswimmers in turbulence},
  author={Gustavsson, K and Berglund, F and Jonsson, PR and Mehlig, B},
  journal={Physical review letters},
  volume={116},
  number={10},
  pages={108104},
  year={2016},
  publisher={APS}
}

@article{borgnino2018gyrotactic,
  title={Gyrotactic swimmers in turbulence: shape effects and role of the large-scale flow},
  author={Borgnino, Matteo and Boffetta, Guido and De Lillo, Filippo and Cencini, Massimo},
  journal={Journal of Fluid Mechanics},
  volume={856},
  year={2018},
  publisher={Cambridge University Press}
}

@article{kage2020shape,
  title={The shape effect of flagella is more important than bottom-heaviness on passive gravitactic orientation in Chlamydomonas reinhardtii},
  author={Kage, Azusa and Omori, Toshihiro and Kikuchi, Kenji and Ishikawa, Takuji},
  journal={Journal of Experimental Biology},
  volume={223},
  number={5},
  pages={jeb205989},
  year={2020},
  publisher={The Company of Biologists Ltd}
}

# bottom-heavy spherical

@article{durham2013turbulence,
  title={Turbulence drives microscale patches of motile phytoplankton},
  author={Durham, William M and Climent, Eric and Barry, Michael and De Lillo, Filippo and Boffetta, Guido and Cencini, Massimo and Stocker, Roman},
  journal={Nature communications},
  volume={4},
  number={1},
  pages={1--7},
  year={2013},
  publisher={Nature Publishing Group}
}

@article{kessler1985hydrodynamic,
  title={Hydrodynamic focusing of motile algal cells},
  author={Kessler, John O},
  journal={Nature},
  volume={313},
  number={5999},
  pages={218--220},
  year={1985},
  publisher={Nature Publishing Group}
}

@article{fouxon2015phytoplankton,
  title={Phytoplankton's motion in turbulent ocean},
  author={Fouxon, Itzhak and Leshansky, Alexander},
  journal={Physical Review E},
  volume={92},
  number={1},
  pages={013017},
  year={2015},
  publisher={APS}
}

## species

@misc{chan2012biomechanics,
  title={Biomechanics of larval morphology affect swimming: insights from the sand dollars Dendraster excentricus},
  author={Chan, Kit Yu Karen},
  year={2012},
  publisher={Oxford University Press}
}

@article{mogami2001theoretical,
  title={Theoretical and experimental dissection of gravity-dependent mechanical orientation in gravitactic microorganisms},
  author={Mogami, Yoshihiro and Ishii, Junko and Baba, Shoji A},
  journal={The Biological Bulletin},
  volume={201},
  number={1},
  pages={26--33},
  year={2001},
  publisher={Marine Biological Laboratory}
}

@article{wheeler2019not,
  title={Not just going with the flow: the effects of fluid flow on bacteria and plankton},
  author={Wheeler, Jeanette D and Secchi, Eleonora and Rusconi, Roberto and Stocker, Roman},
  journal={Annual review of cell and developmental biology},
  volume={35},
  pages={213--237},
  year={2019},
  publisher={Annual Reviews}
}

# more passive torques

@article{qiu2022gyrotactic,
  title={Gyrotactic mechanism induced by fluid inertial torque for settling elongated microswimmers},
  author={Qiu, Jingran and Cui, Zhiwen and Climent, Eric and Zhao, Lihao},
  journal={Physical Review Research},
  volume={4},
  number={2},
  pages={023094},
  year={2022},
  publisher={APS}
}

@article{pujara2018rotations,
  title={Rotations and accumulation of ellipsoidal microswimmers in isotropic turbulence},
  author={Pujara, N and Koehl, MAR and Variano, EA},
  journal={Journal of Fluid Mechanics},
  volume={838},
  pages={356--368},
  year={2018},
  publisher={Cambridge University Press}
}

@article{voth2017anisotropic,
  title={Anisotropic particles in turbulence},
  author={Voth, Greg A and Soldati, Alfredo},
  journal={Annu. Rev. Fluid Mech},
  volume={49},
  number={1},
  pages={249--276},
  year={2017}
}

@article{loth2008drag,
  title={Drag of non-spherical solid particles of regular and irregular shape},
  author={Loth, E},
  journal={Powder Technology},
  volume={182},
  number={3},
  pages={342--353},
  year={2008},
  publisher={Elsevier}
}

@article{clark2020settling,
  title={Settling of inertial nonspherical particles in wavy flow},
  author={Clark, Laura K and DiBenedetto, Michelle H and Ouellette, Nicholas T and Koseff, Jeffrey R},
  journal={Physical Review Fluids},
  volume={5},
  number={12},
  pages={124301},
  year={2020},
  publisher={APS}
}

@article{gustavsson2017statistical,
  title={Statistical model for the orientation of nonspherical particles settling in turbulence},
  author={Gustavsson, K and Jucha, J and Naso, A and L{\'e}v{\^e}que, E and Pumir, A and Mehlig, B},
  journal={Physical review letters},
  volume={119},
  number={25},
  pages={254501},
  year={2017},
  publisher={APS}
}

@article{gustavsson2019effect,
  title={Effect of fluid inertia on the orientation of a small prolate spheroid settling in turbulence},
  author={Gustavsson, K and Sheikh, MZ and Lopez, D and Naso, A and Pumir, Alain and Mehlig, B},
  journal={New Journal of Physics},
  volume={21},
  number={8},
  pages={083008},
  year={2019},
  publisher={IOP Publishing}
}

@article{sheikh2020importance,
  title={Importance of fluid inertia for the orientation of spheroids settling in turbulent flow},
  author={Sheikh, Muhammad Zubair and Gustavsson, Kristian and Lopez, Diego and L{\'e}v{\^e}que, Emmanuel and Mehlig, Bernhard and Pumir, Alain and Naso, Aurore},
  journal={Journal of Fluid Mechanics},
  volume={886},
  year={2020},
  publisher={Cambridge University Press}
}

@article{anand2020orientation,
  title={Orientation dynamics of sedimenting anisotropic particles in turbulence},
  author={Anand, Prateek and Ray, Samriddhi Sankar and Subramanian, Ganesh},
  journal={Physical Review Letters},
  volume={125},
  number={3},
  pages={034501},
  year={2020},
  publisher={APS}
}

@article{dahlkild2011finite,
  title={Finite wavelength selection for the linear instability of a suspension of settling spheroids},
  author={Dahlkild, Anders A},
  journal={Journal of fluid mechanics},
  volume={689},
  pages={183--202},
  year={2011},
  publisher={Cambridge University Press}
}

@article{ardekani2017sedimentation,
  title={Sedimentation of inertia-less prolate spheroids in homogenous isotropic turbulence with application to non-motile phytoplankton},
  author={Ardekani, M Niazi and Sardina, Gaetano and Brandt, Luca and Karp-Boss, Lee and Bearon, RN and Variano, EA},
  journal={Journal of Fluid Mechanics},
  volume={831},
  pages={655--674},
  year={2017},
  publisher={Cambridge University Press}
}

% inertial setling

@article{maxey1987motion,
  title={The motion of small spherical particles in a cellular flow field},
  author={Maxey, MR},
  journal={The Physics of fluids},
  volume={30},
  number={7},
  pages={1915--1928},
  year={1987},
  publisher={American Institute of Physics}
}

@article{ardekani2017sedimentation,
  title={Sedimentation of inertia-less prolate spheroids in homogenous isotropic turbulence with application to non-motile phytoplankton},
  author={Ardekani, M Niazi and Sardina, Gaetano and Brandt, Luca and Karp-Boss, Lee and Bearon, RN and Variano, EA},
  journal={Journal of Fluid Mechanics},
  volume={831},
  pages={655--674},
  year={2017},
  publisher={Cambridge University Press}
}

@article{van2017enhanced,
  title={Enhanced settling of nonheavy inertial particles in homogeneous isotropic turbulence: The role of the pressure gradient and the Basset history force},
  author={Van Hinsberg, MAT and Clercx, HJH and Toschi, F},
  journal={Physical Review E},
  volume={95},
  number={2},
  pages={023106},
  year={2017},
  publisher={APS}
}

@article{lovecchio2019chain,
  title={Chain formation can enhance the vertical migration of phytoplankton through turbulence},
  author={Lovecchio, Salvatore and Climent, Eric and Stocker, Roman and Durham, William M},
  journal={Science advances},
  volume={5},
  number={10},
  pages={eaaw7879},
  year={2019},
  publisher={American Association for the Advancement of Science}
}

% gradient ascent method

@article{barzilai1988two,
  title={Two-point step size gradient methods},
  author={Barzilai, Jonathan and Borwein, Jonathan M},
  journal={IMA journal of numerical analysis},
  volume={8},
  number={1},
  pages={141--148},
  year={1988},
  publisher={Oxford University Press}
}

@incollection{fletcher2005barzilai,
  title={On the barzilai-borwein method},
  author={Fletcher, Roger},
  booktitle={Optimization and control with applications},
  pages={235--256},
  year={2005},
  publisher={Springer}
}
