% Kleiber's law

@article{kleiber1961fire,
  title={The fire of life. An introduction to animal energetics.},
  author={Kleiber, Max and others},
  journal={The fire of life. An introduction to animal energetics.},
  year={1961},
  publisher={John Wiley \& Sons, Inc., New York: London}
}

@article{gillooly2001effects,
  title={Effects of size and temperature on metabolic rate},
  author={Gillooly, James F and Brown, James H and West, Geoffrey B and Savage, Van M and Charnov, Eric L},
  journal={science},
  volume={293},
  number={5538},
  pages={2248--2251},
  year={2001},
  publisher={American Association for the Advancement of Science}
}

@article{glazier2005beyond,
  title={Beyond the ‘3/4-power law’: variation in the intra-and interspecific scaling of metabolic rate in animals},
  author={Glazier, Douglas S},
  journal={Biological reviews},
  volume={80},
  number={4},
  pages={611--662},
  year={2005},
  publisher={Cambridge University Press}
}

% Michelle

@article{dibenedetto2022responding,
  title={Responding to the signal and the noise: behavior of planktonic gastropod larvae in turbulence},
  author={DiBenedetto, Michelle H and Helfrich, Karl R and Pires, Anthony and Anderson, Erik J and Mullineaux, Lauren S},
  journal={Journal of Experimental Biology},
  volume={225},
  number={3},
  pages={jeb243209},
  year={2022},
  publisher={The Company of Biologists Ltd}
}

% Energy efficiency

%% Routing

@article{zaccone2018ship,
  title={Ship voyage optimization for safe and energy-efficient navigation: A dynamic programming approach},
  author={Zaccone, R and Ottaviani, E and Figari, M and Altosole, M},
  journal={Ocean engineering},
  volume={153},
  pages={215--224},
  year={2018},
  publisher={Elsevier}
}

@article{mannarini2019visir,
  title={VISIR-1. b: Ocean surface gravity waves and currents for energy-efficient navigation},
  author={Mannarini, Gianandrea and Carelli, Lorenzo},
  journal={Geoscientific Model Development},
  volume={12},
  number={8},
  pages={3449--3480},
  year={2019},
  publisher={Copernicus GmbH}
}

%% Fitness

@article{visser2009swimming,
  title={Swimming in turbulence: zooplankton fitness in terms of foraging efficiency and predation risk},
  author={Visser, Andr{\'e} W and Mariani, Patrizio and Pigolotti, Simone},
  journal={Journal of Plankton Research},
  volume={31},
  number={2},
  pages={121--133},
  year={2009},
  publisher={Oxford University Press}
}

@article{kiorboe2011zooplankton,
  title={How zooplankton feed: mechanisms, traits and trade-offs},
  author={Ki{\o}rboe, Thomas},
  journal={Biological reviews},
  volume={86},
  number={2},
  pages={311--339},
  year={2011},
  publisher={Wiley Online Library}
}

@article{visser2007motility,
  title={Motility of zooplankton: fitness, foraging and predation},
  author={Visser, Andr{\'e} W},
  journal={Journal of Plankton research},
  volume={29},
  number={5},
  pages={447--461},
  year={2007},
  publisher={Oxford University Press}
}

@article{minkina1981estimation,
  title={Estimation by hydrodynamic method of energy expenditure of copepods (Copepoda, Crustacea) on swimming},
  author={Minkina, NI},
  year={1981}
}

@article{morris1985propulsion,
  title={Propulsion efficiency and cost of transport for copepods: a hydromechanical model of crustacean swimming},
  author={Morris, MJ and Gust, G and Torres, JJ},
  journal={Marine Biology},
  volume={86},
  number={3},
  pages={283--295},
  year={1985},
  publisher={Springer}
}

@article{buskey1998energetic,
  title={Energetic costs of swarming behavior for the copepod Dioithona oculata},
  author={Buskey, EJ},
  journal={Marine Biology},
  volume={130},
  number={3},
  pages={425--431},
  year={1998},
  publisher={Springer}
}

% on/off

@article{wheeler2019not,
  title={Not just going with the flow: the effects of fluid flow on bacteria and plankton},
  author={Wheeler, Jeanette D and Secchi, Eleonora and Rusconi, Roberto and Stocker, Roman},
  journal={Annual review of cell and developmental biology},
  volume={35},
  pages={213--237},
  year={2019},
  publisher={Annual Reviews}
}

@incollection{yamazaki2003modeling,
  title={Modeling planktonic behavior as a complex adaptive system},
  author={Yamazaki, Atsuko K and Kamykowski, Daniel},
  booktitle={Handbook of Scaling Methods in Aquatic Ecology},
  pages={563--578},
  year={2003},
  publisher={CRC Press}
}

@article{dodson1997daphnia,
  title={Daphnia swimming behavior during vertical migration},
  author={Dodson, Stanley I and Tollrian, Ralph and Lampert, Winfried},
  journal={Journal of Plankton Research},
  volume={19},
  number={8},
  pages={969--978},
  year={1997},
  publisher={Oxford University Press}
}

@article{dibenedetto2022responding,
  title={Responding to the signal and the noise: behavior of planktonic gastropod larvae in turbulence},
  author={DiBenedetto, Michelle H and Helfrich, Karl R and Pires, Anthony and Anderson, Erik J and Mullineaux, Lauren S},
  journal={Journal of Experimental Biology},
  volume={225},
  number={3},
  pages={jeb243209},
  year={2022},
  publisher={The Company of Biologists Ltd}
}

 % Collective

 @article{mukherjee2019photosensing,
   title={Photosensing and quorum sensing are integrated to control Pseudomonas aeruginosa collective behaviors},
   author={Mukherjee, Sampriti and Jemielita, Matthew and Stergioula, Vasiliki and Tikhonov, Mikhail and Bassler, Bonnie L},
   journal={PLoS biology},
   volume={17},
   number={12},
   pages={e3000579},
   year={2019},
   publisher={Public Library of Science San Francisco, CA USA}
 }

 @article{tsang2014flagella,
   title={Flagella-induced transitions in the collective behavior of confined microswimmers},
   author={Tsang, Alan Cheng Hou and Kanso, Eva},
   journal={Physical Review E},
   volume={90},
   number={2},
   pages={021001},
   year={2014},
   publisher={APS}
 }

 @article{falgueras2022aggregated,
   title={Aggregated Distribution as an Explanation for the Paradox of Plankton and Collective Animal Behavior},
   author={Falgueras-Cano, Javier and Falgueras-Cano, Juan Antonio and Moya, Andr{\'e}s},
   journal={Biology},
   volume={11},
   number={10},
   pages={1477},
   year={2022},
   publisher={Multidisciplinary Digital Publishing Institute}
 }

% Stokesian dynamics

@phdthesis{townsend2017mechanics,
  title={The mechanics of suspensions},
  author={Townsend, Adam Kenneth},
  year={2017},
  school={UCL (University College London)}
}

@article{ito2019swimming,
  title={Swimming mediated by ciliary beating: comparison with a squirmer model},
  author={Ito, Hiroaki and Omori, Toshihiro and Ishikawa, Takuji},
  journal={Journal of Fluid Mechanics},
  volume={874},
  pages={774--796},
  year={2019},
  publisher={Cambridge University Press}
}

@article{salazar2009two,
  title={Two-particle dispersion in isotropic turbulent flows},
  author={Salazar, Juan PLC and Collins, Lance R},
  journal={Annual review of fluid mechanics},
  volume={41},
  number={1},
  pages={405--432},
  year={2009}
}

% Phototactic plankton

@article{tranter1981nocturnal,
  title={Nocturnal movements of phototactic zooplankton in shallow waters},
  author={Tranter, DJ and Bulleid, NC and Campbell, R and Higgins, HW and Rowe, F and Tranter, HA and Smith, DF},
  journal={Marine Biology},
  volume={61},
  number={4},
  pages={317--326},
  year={1981},
  publisher={Springer}
}

@article{wilhelmus2014observations,
  title={Observations of large-scale fluid transport by laser-guided plankton aggregations},
  author={Wilhelmus, Monica M and Dabiri, John O},
  journal={Physics of Fluids},
  volume={26},
  number={10},
  pages={101302},
  year={2014},
  publisher={American Institute of Physics}
}

@phdthesis{tom2022investigation,
  title={An Investigation into the Multiscale Nature of Turbulence and its Effect on Particle Transport},
  author={Tom, Josin},
  year={2022},
  school={Duke University}
}

% bio

@article{hays2014route,
  title={Route optimisation and solving Z ermelo's navigation problem during long distance migration in cross flows},
  author={Hays, Graeme C and Christensen, Asbj{\o}rn and Fossette, Sabrina and Schofield, Gail and Talbot, Julian and Mariani, Patrizio},
  journal={Ecology letters},
  volume={17},
  number={2},
  pages={137--143},
  year={2014},
  publisher={Wiley Online Library}
}

@article{luschi2013long,
  title={Long-distance animal migrations in the oceanic environment: orientation and navigation correlates},
  author={Luschi, Paolo},
  journal={International Scholarly Research Notices},
  volume={2013},
  year={2013},
  publisher={Hindawi}
}

@article{hays2016key,
  title={Key questions in marine megafauna movement ecology},
  author={Hays, Graeme C and Ferreira, Luciana C and Sequeira, Ana MM and Meekan, Mark G and Duarte, Carlos M and Bailey, Helen and Bailleul, Fred and Bowen, W Don and Caley, M Julian and Costa, Daniel P and others},
  journal={Trends in ecology \& evolution},
  volume={31},
  number={6},
  pages={463--475},
  year={2016},
  publisher={Elsevier}
}

@article{chapman2015long,
  title={Long-range seasonal migration in insects: mechanisms, evolutionary drivers and ecological consequences},
  author={Chapman, Jason W and Reynolds, Don R and Wilson, Kenneth},
  journal={Ecology letters},
  volume={18},
  number={3},
  pages={287--302},
  year={2015},
  publisher={Wiley Online Library}
}

@article{putman2014inherited,
  title={An inherited magnetic map guides ocean navigation in juvenile Pacific salmon},
  author={Putman, Nathan F and Scanlan, Michelle M and Billman, Eric J and O’Neil, Joseph P and Couture, Ryan B and Quinn, Thomas P and Lohmann, Kenneth J and Noakes, David LG},
  journal={Current Biology},
  volume={24},
  number={4},
  pages={446--450},
  year={2014},
  publisher={Elsevier}
}

@article{fossette2015current,
  title={Current-oriented swimming by jellyfish and its role in bloom maintenance},
  author={Fossette, Sabrina and Gleiss, Adrian Christopher and Chalumeau, Julien and Bastian, Thomas and Armstrong, Claire Denise and Vandenabeele, Sylvie and Karpytchev, Mikhail and Hays, Graeme Clive},
  journal={Current Biology},
  volume={25},
  number={3},
  pages={342--347},
  year={2015},
  publisher={Elsevier}
}

@article{wehner2001bird,
  title={Bird navigation--computing orthodromes},
  author={Wehner, Rudiger},
  journal={Science},
  volume={291},
  number={5502},
  pages={264--265},
  year={2001},
  publisher={American Association for the Advancement of Science}
}

@article{reddy2016learning,
  title={Learning to soar in turbulent environments},
  author={Reddy, Gautam and Celani, Antonio and Sejnowski, Terrence J and Vergassola, Massimo},
  journal={Proceedings of the National Academy of Sciences},
  volume={113},
  number={33},
  pages={E4877--E4884},
  year={2016},
  publisher={National Acad Sciences}
}

@article{brandt2022particle,
  title={Particle-laden turbulence: progress and perspectives},
  author={Brandt, Luca and Coletti, Filippo},
  journal={Annual Review of Fluid Mechanics},
  volume={54},
  pages={159--189},
  year={2022},
  publisher={Annual Reviews}
}

% 

@phdthesis{tranzatto2015navigation,
  title={Navigation and Control for an Autonomous Sailing Model Boat},
  author={Tranzatto, Marco},
  year={2015},
  school={University of Pisa}
}

@phdthesis{tranzatto2015navigation,
  title={Navigation and Control for an Autonomous Sailing Model Boat},
  author={Tranzatto, Marco},
  year={2015},
  school={University of Pisa}
}

@article{reddy2018glider,
  title={Glider soaring via reinforcement learning in the field},
  author={Reddy, Gautam and Wong-Ng, Jerome and Celani, Antonio and Sejnowski, Terrence J and Vergassola, Massimo},
  journal={Nature},
  volume={562},
  number={7726},
  pages={236--239},
  year={2018},
  publisher={Nature Publishing Group}
}

@article{bollt2021extract,
  title={How to extract energy from turbulence in flight by fast tracking},
  author={Bollt, Scott A and Bewley, Gregory P},
  journal={Journal of Fluid Mechanics},
  volume={921},
  year={2021},
  publisher={Cambridge University Press}
}

@article{bollt2021extract,
  title={How to extract energy from turbulence in flight by fast tracking},
  author={Bollt, Scott A and Bewley, Gregory P},
  journal={Journal of Fluid Mechanics},
  volume={921},
  year={2021},
  publisher={Cambridge University Press}
}

@article{houghton2018vertically,
  title={Vertically migrating swimmers generate aggregation-scale eddies in a stratified column},
  author={Houghton, Isabel A and Koseff, Jeffrey R and Monismith, Stephen G and Dabiri, John O},
  journal={Nature},
  volume={556},
  number={7702},
  pages={497--500},
  year={2018},
  publisher={Nature Publishing Group}
}

@misc{roberts2002turbulent,
  title={Turbulent diffusion},
  author={Roberts, Philip JW and Webster, Donald R},
  journal={Environmental Fluid Mechanics-Theories and Application},
  pages={7--47},
  year={2002},
  publisher={ASCE Press, Reston, Virginia}
}

@article{martinez2018diffusive,
  title={The diffusive sheet method for scalar mixing},
  author={Mart{\'\i}nez-Ruiz, D and Meunier, P and Favier, B and Duchemin, L and Villermaux, E},
  journal={Journal of Fluid Mechanics},
  volume={837},
  pages={230--257},
  year={2018},
  publisher={Cambridge University Press}
}

@article{yao2020path,
  title={Path following control in 3D using a vector field},
  author={Yao, Weijia and Cao, Ming},
  journal={Automatica},
  volume={117},
  pages={108957},
  year={2020},
  publisher={Elsevier}
}

@article{jonsson1989vertical,
  title={Vertical distribution of planktonic ciliates-- an experimental analysis of swimming behaviour.},
  author={Jonsson, Per R},
  journal={Marine ecology progress series. Oldendorf},
  volume={52},
  number={1},
  pages={39--53},
  year={1989}
}

@article{fields1997escape,
  title={The escape behavior of marine copepods in response to a quantifiable fluid mechanical disturbance},
  author={Fields, David M and Yen, Jeanette},
  journal={Journal of Plankton Research},
  volume={19},
  number={9},
  pages={1289--1304},
  year={1997},
  publisher={Oxford University Press}
}

@book{mcedward2020ecology,
  title={Ecology of marine invertebrate larvae},
  author={McEdward, Larry},
  year={2020},
  publisher={CRC press}
}

@article{welch2001flood,
  title={Flood tide transport of blue crab, Callinectes sapidus, postlarvae: behavioral responses to salinity and turbulence},
  author={Welch, J and Forward, R},
  journal={Marine Biology},
  volume={139},
  number={5},
  pages={911--918},
  year={2001},
  publisher={Springer}
}

@article{kingsford2002sensory,
  title={Sensory environments, larval abilities and local self-recruitment},
  author={Kingsford, Michael J and Leis, Jeffrey M and Shanks, Alan and Lindeman, Kenyon C and Morgan, Steven G and Pineda, Jes{\'u}s},
  journal={Bulletin of Marine Science},
  volume={70},
  number={1},
  pages={309--340},
  year={2002},
  publisher={University of Miami-Rosenstiel School of Marine and Atmospheric Science}
}
