% TURBULENCE

%% REYNOLDS

@article{reynolds1895iv,
  title={IV. On the dynamical theory of incompressible viscous fluids and the determination of the criterion},
  author={Reynolds, Osborne},
  journal={Philosophical transactions of the royal society of london.(a.)},
  number={186},
  pages={123--164},
  year={1895},
  publisher={The Royal Society London}
}

%% KOLMOGOROV

@inproceedings{kolmogorov1941dissipation,
  title={Dissipation of energy in locally isotropic turbulence in an incompressible viscous liquid},
  author={Kolmogorov, AN},
  booktitle={Dokl. Akad. Nauk SSSR},
  volume={30},
  pages={299--303},
  year={1941}
}

@inproceedings{kolmogorov1941degeneration,
  title={On degeneration (decay) of isotropic turbulence in an incompressible viscous liquid},
  author={Kolmogorov, Andrej Nikolaevich},
  booktitle={Dokl. Akad. Nauk SSSR},
  volume={31},
  pages={538--540},
  year={1941}
}

@inproceedings{kolmogorov1941logarithmically,
  title={On the logarithmically normal law of distribution of the size of particles under pulverization},
  author={Kolmogorov, Andrey Nikolaevich},
  booktitle={Dokl. Akad. Nauk SSSR},
  volume={31},
  pages={99},
  year={1941}
}

@article{kolmogorov1941local,
  title={The local structure of turbulence in incompressible viscous fluid for very large Reynolds numbers},
  author={Kolmogorov, Andrey Nikolaevich},
  journal={Cr Acad. Sci. URSS},
  volume={30},
  pages={301--305},
  year={1941}
}

%% INERTIAL CASCADE

@book{richardson1922weather,
  title={Weather prediction by numerical process},
  author={Richardson, Lewis F},
  year={1922},
  publisher={University Press}
}

%% TAYLOR MICROSCALE

@article{taylor1935statistical,
  title={Statistical theory of turbulenc},
  author={Taylor, Geoffrey Ingram},
  journal={Proceedings of the Royal Society of London. Series A-Mathematical and Physical Sciences},
  volume={151},
  number={873},
  pages={421--444},
  year={1935},
  publisher={The Royal Society London}
}

%% LAGRANGIAN GENERIC

@article{toschi2009lagrangian,
  title={Lagrangian properties of particles in turbulence},
  author={Toschi, Federico and Bodenschatz, Eberhard},
  journal={Annual review of fluid mechanics},
  volume={41},
  pages={375--404},
  year={2009},
  publisher={Annual Reviews}
}

%%% GRADIENTS

@article{ashurst1987alignment,
  title={Alignment of vorticity and scalar gradient with strain rate in simulated Navier--Stokes turbulence},
  author={Ashurst, Wm T and Kerstein, AR and Kerr, RM and Gibson, CH},
  journal={The Physics of fluids},
  volume={30},
  number={8},
  pages={2343--2353},
  year={1987},
  publisher={American Institute of Physics}
}

@article{tsinober1992experimental,
  title={Experimental investigation of the field of velocity gradients in turbulent flows},
  author={Tsinober, A and Kit, E and Dracos, T},
  journal={Journal of Fluid Mechanics},
  volume={242},
  pages={169--192},
  year={1992},
  publisher={Cambridge University Press}
}

@article{lund1994improved,
  title={An improved measure of strain state probability in turbulent flows},
  author={Lund, Thomas S and Rogers, Michael M},
  journal={Physics of Fluids},
  volume={6},
  number={5},
  pages={1838--1847},
  year={1994},
  publisher={American Institute of Physics}
}

@article{gulitski2007velocity,
  title={Velocity and temperature derivatives in high-Reynolds-number turbulent flows in the atmospheric surface layer. Part 1. Facilities, methods and some general results},
  author={Gulitski, G and Kholmyansky, M and Kinzelbach, W and L{\"u}thi, B and Tsinober, A and Yorish, S},
  journal={Journal of Fluid Mechanics},
  volume={589},
  pages={57--81},
  year={2007},
  publisher={Cambridge University Press}
}

@article{meneveau2011lagrangian,
  title={Lagrangian dynamics and models of the velocity gradient tensor in turbulent flows},
  author={Meneveau, Charles},
  journal={Annual Review of Fluid Mechanics},
  volume={43},
  number={1},
  pages={219--245},
  year={2011},
  publisher={Annual Reviews, Inc., 4139 El Camino Way Box 10139 Palo Alto CA 94303-0139 USA}
}

@article{johnson2016closure,
  title={A closure for Lagrangian velocity gradient evolution in turbulence using recent-deformation mapping of initially Gaussian fields},
  author={Johnson, Perry L and Meneveau, Charles},
  journal={Journal of Fluid Mechanics},
  volume={804},
  pages={387--419},
  year={2016},
  publisher={Cambridge University Press}
}

@article{pereira2018multifractal,
  title={A multifractal model for the velocity gradient dynamics in turbulent flows},
  author={Pereira, Rodrigo M and Moriconi, Luca and Chevillard, Laurent},
  journal={Journal of Fluid Mechanics},
  volume={839},
  pages={430--467},
  year={2018},
  publisher={Cambridge University Press}
}

%%%% MULTI SCALE GRADIENTS

@article{higgins2003alignment,
  title={Alignment trends of velocity gradients and subgrid-scale fluxes in the turbulent atmospheric boundary layer},
  author={Higgins, Chad W and Parlange, Marc B and Meneveau, C},
  journal={Boundary-Layer Meteorology},
  volume={109},
  number={1},
  pages={59--83},
  year={2003},
  publisher={Springer}
}

@article{danish2018multiscale,
  title={Multiscale analysis of the invariants of the velocity gradient tensor in isotropic turbulence},
  author={Danish, Mohammad and Meneveau, Charles},
  journal={Physical Review Fluids},
  volume={3},
  number={4},
  pages={044604},
  year={2018},
  publisher={APS}
}

@article{tom2021exploring,
  title={Exploring the turbulent velocity gradients at different scales from the perspective of the strain-rate eigenframe},
  author={Tom, Josin and Carbone, Maurizio and Bragg, Andrew D},
  journal={Journal of Fluid Mechanics},
  volume={910},
  year={2021},
  publisher={Cambridge University Press}
}

% LES

@article{smagorinsky1963general,
  title={General circulation experiments with the primitive equations: I. The basic experiment},
  author={Smagorinsky, Joseph},
  journal={Monthly weather review},
  volume={91},
  number={3},
  pages={99--164},
  year={1963},
  publisher={American Meteorological Society}
}

@article{deardorff1970numerical,
  title={A numerical study of three-dimensional turbulent channel flow at large Reynolds numbers},
  author={Deardorff, James W},
  journal={Journal of Fluid Mechanics},
  volume={41},
  number={2},
  pages={453--480},
  year={1970},
  publisher={Cambridge University Press}
}

@article{zhiyin2015large,
  title={Large-eddy simulation: Past, present and the future},
  author={Zhiyin, Yang},
  journal={Chinese journal of Aeronautics},
  volume={28},
  number={1},
  pages={11--24},
  year={2015},
  publisher={Elsevier}
}

% SNOOPY

@article{lesur2005relevance,
  title={On the relevance of subcritical hydrodynamic turbulence to accretion disk transport},
  author={Lesur, Geoffroy and Longaretti, P-Y},
  journal={A \& A},
  volume={444},
  number={1},
  pages={25--44},
  year={2005},
  publisher={EDP Sciences}
}

@article{lesur2007impact,
  title={Impact of dimensionless numbers on the efficiency of magnetorotational instability induced turbulent transport},
  author={Lesur, G and Longaretti, P-Y},
  journal={MNRAS},
  volume={378},
  number={4},
  pages={1471--1480},
  year={2007},
  publisher={The Royal Astronomical Society}
}

% JHTDB

@article{li2008public,
    title={A public turbulence database cluster and applications to study Lagrangian evolution of velocity increments in turbulence},
    author={Li, Yi and Perlman, Eric and Wan, Minping and Yang, Yunke and Meneveau, Charles and Burns, Randal and Chen, Shiyi and Szalay, Alexander and Eyink, Gregory},
    journal={J. Turbul.},
    number={9},
    pages={N31},
    year={2008},
    publisher={Taylor \& Francis}
}

@inproceedings{perlman2007data,
    title={Data exploration of turbulence simulations using a database cluster},
    author={Perlman, Eric and Burns, Randal and Li, Yi and Meneveau, Charles},
    booktitle={Proceedings of the 2007 ACM/IEEE conference on Supercomputing},
    pages={1--11},
    year={2007}
}

% PLANKTER

%% STOKES DRAG

@article{stokes1851effect,
  title={On the effect of the internal friction of fluids on the motion of pendulums},
  author={Stokes, George Gabriel and others},
  year={1851},
  publisher={Pitt Press Cambridge}
}

%% STOKES TORQUE

@article{lamb1945hydrodynamics,
  title={Hydrodynamics dover},
  author={Lamb, Horace},
  journal={New York},
  volume={43},
  year={1945}
}

%% PEDLEY

@article{Pedley1992,
	author = {Pedley, T. J. and Kessler, J. O.},
	date = {1992-01},
    year = {1992},
	doi = {10.1146/annurev.fl.24.010192.001525},
	journal = {Annu. Rev. Fluid Mech.},
	number = {1},
	pages = {313--358},
	publisher = {{Annual Reviews 4139 El Camino Way, P.O. Box 10139, Palo Alto, CA 94303-0139, USA}},
	title = {Hydrodynamic {{Phenomena}} in {{Suspensions}} of {{Swimming Microorganisms}}},
	volume = {24},
	Bdsk-Url-1 = {https://doi.org/10.1146/annurev.fl.24.010192.001525}
}

%%% ANGULAR CONTROL

@article{colabrese2017flow,
  title={Flow navigation by smart microswimmers via reinforcement learning},
  author={Colabrese, Simona and Gustavsson, Kristian and Celani, Antonio and Biferale, Luca},
  journal={Physical review letters},
  volume={118},
  number={15},
  pages={158004},
  year={2017},
  publisher={APS}
}

@article{gustavsson2017finding,
  title={Finding efficient swimming strategies in a three-dimensional chaotic flow by reinforcement learning},
  author={Gustavsson, Kristian and Biferale, Luca and Celani, Antonio and Colabrese, Simona},
  journal={The European Physical Journal E},
  volume={40},
  number={12},
  pages={1--6},
  year={2017},
  publisher={Springer}
}

%% JEFFERY

@article{jeffery_motion_1922,
	title = {The {Motion} of {Ellipsoidal} {Particles} {Immersed} in a {Viscous} {Fluid}},
	volume = {102},
	issn = {1364-5021, 1471-2946},
	url = {http://rspa.royalsocietypublishing.org/cgi/doi/10.1098/rspa.1922.0078},
	doi = {10.1098/rspa.1922.0078},
	language = {en},
	number = {715},
	urldate = {2020-01-09},
	journal = {Proceedings of the Royal Society A: Mathematical, Physical and Engineering Sciences},
	author = {Jeffery, G. B.},
	month = nov,
	year = {1922},
	pages = {161--179},
	file = {Jeffery - 1922 - The Motion of Ellipsoidal Particles Immersed in a .pdf:/home/rmonthil/Zotero/storage/LJ6PWLGW/Jeffery - 1922 - The Motion of Ellipsoidal Particles Immersed in a .pdf:application/pdf}
}

%% NAVIGATION HISTORY

@book{stahl1971martianus,
  title={Martianus Capella and the Seven Liberal Arts: The Marriage of Philology and Mercury},
  author={Stahl, William Harris},
  volume={2},
  year={1971},
  publisher={Columbia University Press}
}

@article{taylor1961didascalicon,
  title={The Didascalicon: a medieval guide to the arts},
  author={Taylor, Jerome and others},
  journal={Records of civilization},
  volume={64},
  year={1961},
  publisher={Columbia Univ. Press}
}

@article{wolodtschenko2007prehistoric,
  title={Prehistoric and early historic maps in europe: Conception of cd-atlas},
  author={Wolodtschenko, Alexander and Forner, Thomas},
  journal={e-Perimetron},
  volume={2},
  number={2},
  pages={114--116},
  year={2007}
}

@book{bagrow2017history,
  title={History of cartography},
  author={Bagrow, Leo},
  year={2017},
  publisher={Routledge}
}

@article{parkinson2018optimal,
  title={Optimal human navigation in steep terrain: a Hamilton-Jacobi-Bellman approach},
  author={Parkinson, Christian and Arnold, David and Bertozzi, Andrea L and Chow, Yat Tin and Osher, Stanley},
  journal={arXiv preprint arXiv:1805.04973},
  year={2018}
}

%% MARINE NAVIGATION

@book{snyder1997flattening,
  title={Flattening the earth: two thousand years of map projections},
  author={Snyder, John P},
  year={1997},
  publisher={University of Chicago Press}
}

@article{weintrit2011novel,
  title={A novel approach to loxodrome (rhumb line), orthodrome (great circle) and geodesic line in ECDIS and navigation in general},
  author={Weintrit, Adam and Kopacz, Piotr},
  journal={TransNav-International Journal on Marine Navigation and Safety of Sea Transportation},
  volume={5},
  number={4},
  pages={507--517},
  year={2011}
}

@article{neumann2017methods,
  title={Methods andAlgorithms in Navigation: Marine Navigation and Safety of Sea Transportation},
  author={Neumann, Tomasz},
  year={2017},
  publisher={CRC Press}
}

%% ZERMELO

@article{zermelo1931navigationsproblem,
  title={{\"U}ber das Navigationsproblem bei ruhender oder ver{\"a}nderlicher Windverteilung},
  author={Zermelo, Ernst},
  journal={ZAMM-Journal of Applied Mathematics and Mechanics/Zeitschrift f{\"u}r Angewandte Mathematik und Mechanik},
  volume={11},
  number={2},
  pages={114--124},
  year={1931},
  publisher={Wiley Online Library}
}

@article{guerrero2013uav,
  title={UAV path planning for structure inspection in windy environments},
  author={Guerrero, Jose Alfredo and Bestaoui, Yasmina},
  journal={Journal of Intelligent \& Robotic Systems},
  volume={69},
  number={1},
  pages={297--311},
  year={2013},
  publisher={Springer}
}

%% SHORTEST PATH PROBLEM

@techreport{ford1956network,
  title={Network flow theory},
  author={Ford Jr, Lester R},
  year={1956},
  institution={Rand Corp Santa Monica Ca}
}

@article{bellman1957dynamic,
  title={Dynamic programming and statistical communication theory},
  author={Bellman, Richard and Kalaba, Robert},
  journal={Proceedings of the National Academy of Sciences},
  volume={43},
  number={8},
  pages={749--751},
  year={1957},
  publisher={National Acad Sciences}
}

@article{bellman1958routing,
  title={On a routing problem},
  author={Bellman, Richard},
  journal={Quarterly of applied mathematics},
  volume={16},
  number={1},
  pages={87--90},
  year={1958}
}

@article{dijkstra1959note,
  title={A note on two problems in connexion with graphs},
  author={Dijkstra, Edsger W and others},
  journal={Numerische mathematik},
  volume={1},
  number={1},
  pages={269--271},
  year={1959}
}

@article{bellman1966dynamic,
  title={Dynamic programming},
  author={Bellman, Richard},
  journal={Science},
  volume={153},
  number={3731},
  pages={34--37},
  year={1966},
  publisher={American Association for the Advancement of Science}
}

@article{hart1968formal,
  title={A formal basis for the heuristic determination of minimum cost paths},
  author={Hart, Peter E and Nilsson, Nils J and Raphael, Bertram},
  journal={IEEE transactions on Systems Science and Cybernetics},
  volume={4},
  number={2},
  pages={100--107},
  year={1968},
  publisher={IEEE}
}

@article{dial1969algorithm,
  title={Algorithm 360: Shortest-path forest with topological ordering [H]},
  author={Dial, Robert B},
  journal={Communications of the ACM},
  volume={12},
  number={11},
  pages={632--633},
  year={1969},
  publisher={ACM New York, NY, USA}
}

@article{fredman1987fibonacci,
  title={Fibonacci heaps and their uses in improved network optimization algorithms},
  author={Fredman, Michael L and Tarjan, Robert Endre},
  journal={Journal of the ACM (JACM)},
  volume={34},
  number={3},
  pages={596--615},
  year={1987},
  publisher={ACM New York, NY, USA}
}

@article{thorup2000ram,
  title={On RAM priority queues},
  author={Thorup, Mikkel},
  journal={SIAM Journal on Computing},
  volume={30},
  number={1},
  pages={86--109},
  year={2000},
  publisher={SIAM}
}

%% OPTIMIZATION

@book{brownlee2011clever,
  title={Clever algorithms: nature-inspired programming recipes},
  author={Brownlee, Jason},
  year={2011},
  publisher={Jason Brownlee}
}

@book{burkov2019hundred,
  title={The hundred-page machine learning book},
  author={Burkov, Andriy},
  volume={1},
  year={2019},
  publisher={Andriy Burkov Quebec City, QC, Canada}
}

%% ROUTING

@article{avgouleas2008optimal,
  title={Optimal ship routing},
  author={Avgouleas, Kyriakos},
  year={2008},
  publisher={Massachusetts Institute of Technology}
}

@article{pipchenko201120,
  title={20. On the Method of Ship’s Transoceanic Route Planning},
  author={Pipchenko, OD},
  journal={Methods and Algorithms in Navigation: Marine Navigation and Safety of Sea Transportation},
  pages={157},
  year={2011},
  publisher={CRC Press}
}

@article{tsou2013ant,
  title={An Ant Colony Algorithm for efficient ship routing},
  author={Tsou, M-C and Cheng, H-C},
  journal={Polish Maritime Research},
  year={2013}
}

@article{avgouleas2014fuel,
  title={Fuel-efficient ship routing},
  author={Avgouleas, Kyriakos and Sclavounos, Paul D},
  journal={Nausivios Chora},
  volume={5},
  pages={39--72},
  year={2014}
}

@incollection{kobayashi2017advanced,
  title={Advanced Navigation Route Optimization for an Oceangoing Vessel},
  author={Kobayashi, E and Asajima, T and Sueyoshi, N},
  booktitle={Methods and Algorithms in Navigation},
  pages={150--157},
  year={2017},
  publisher={CRC Press}
}

@article{zaccone2018ship,
  title={Ship voyage optimization for safe and energy-efficient navigation: A dynamic programming approach},
  author={Zaccone, R and Ottaviani, E and Figari, M and Altosole, M},
  journal={Ocean engineering},
  volume={153},
  pages={215--224},
  year={2018},
  publisher={Elsevier}
}

@article{vettor2016development,
  title={Development of a ship weather routing system},
  author={Vettor, Roberto and Soares, C Guedes},
  journal={Ocean Engineering},
  volume={123},
  pages={1--14},
  year={2016},
  publisher={Elsevier}
}

% INTEGRATION

@book{fehlberg1968classical,
  title={Classical fifth-, sixth-, seventh-, and eighth-order Runge-Kutta formulas with stepsize control},
  author={Fehlberg, Erwin},
  year={1968},
  publisher={National Aeronautics and Space Administration}
}

@article{dormand1980family,
  title={A family of embedded Runge-Kutta formulae},
  author={Dormand, John R and Prince, Peter J},
  journal={Journal of computational and applied mathematics},
  volume={6},
  number={1},
  pages={19--26},
  year={1980},
  publisher={Elsevier}
}

% ITERATIVE DYNAMIC PROGRAMMING

@inproceedings{todorov2009iterative,
  title={Iterative local dynamic programming},
  author={Todorov, Emanuel and Tassa, Yuval},
  booktitle={2009 IEEE Symposium on Adaptive Dynamic Programming and Reinforcement Learning},
  pages={90--95},
  year={2009},
  organization={IEEE}
}

@book{luus2019iterative,
  title={Iterative dynamic programming},
  author={Luus, Rein},
  year={2019},
  publisher={Chapman and Hall/CRC}
}

% Zermelo-Markov-Dubins

@inproceedings{caillau2019zermelo,
  title={Zermelo-Markov-Dubins problem and extensions in marine navigation},
  author={Caillau, Jean-Baptiste and Maslovskaya, Sofya and Mensch, Thomas and Moulinier, Timoth{\'e}e and Pomet, Jean-Baptiste},
  booktitle={2019 IEEE 58th Conference on Decision and Control (CDC)},
  pages={517--522},
  year={2019},
  organization={IEEE}
}

@article{sacchelli2021zermelo,
  title={Zermelo-Markov-Dubins with two trailers},
  author={Sacchelli, Ludovic and Caillau, Jean-Baptiste and Combot, Thierry and Pomet, Jean-Baptiste},
  journal={IFAC-PapersOnLine},
  volume={54},
  number={19},
  pages={249--254},
  year={2021},
  publisher={Elsevier}
}

%% REINFORCEMENT LEARNING

@book{si2004handbook,
  title={Handbook of learning and approximate dynamic programming},
  author={Si, Jennie and Barto, Andrew G and Powell, Warren B and Wunsch, Don},
  volume={2},
  year={2004},
  publisher={John Wiley \& Sons}
}

@article{colabrese2017flow,
  title={Flow navigation by smart microswimmers via reinforcement learning},
  author={Colabrese, Simona and Gustavsson, Kristian and Celani, Antonio and Biferale, Luca},
  journal={Physical review letters},
  volume={118},
  number={15},
  pages={158004},
  year={2017},
  publisher={APS}
}

@article{gunnarson2021learning,
  title={Learning efficient navigation in vortical flow fields},
  author={Gunnarson, Peter and Mandralis, Ioannis and Novati, Guido and Koumoutsakos, Petros and Dabiri, John O},
  journal={Nature Communications},
  volume={12},
  number={1},
  pages={1--7},
  year={2021},
  publisher={Nature Publishing Group}
}

@article{qiu2022navigation,
  title={Navigation of micro-swimmers in steady flow: The importance of symmetries},
  author={Qiu, Jingran and Mousavi, Navid and Gustavsson, Kristian and Xu, Chunxiao and Mehlig, Bernhard and Zhao, Lihao},
  journal={Journal of Fluid Mechanics},
  volume={932},
  year={2022},
  publisher={Cambridge University Press}
}

@article{biferale2019zermelo,
  title={Zermelo’s problem: optimal point-to-point navigation in 2D turbulent flows using reinforcement learning},
  author={Biferale, Luca and Bonaccorso, Fabio and Buzzicotti, Michele and Clark Di Leoni, Patricio and Gustavsson, Kristian},
  journal={Chaos: An Interdisciplinary Journal of Nonlinear Science},
  volume={29},
  number={10},
  pages={103138},
  year={2019},
  publisher={AIP Publishing LLC}
}

@article{alageshan2020machine,
  title={Machine learning strategies for path-planning microswimmers in turbulent flows},
  author={Alageshan, Jaya Kumar and Verma, Akhilesh Kumar and Bec, J{\'e}r{\'e}mie and Pandit, Rahul},
  journal={Physical Review E},
  volume={101},
  number={4},
  pages={043110},
  year={2020},
  publisher={APS}
}

@article{gustavsson2017finding,
  title={Finding efficient swimming strategies in a three-dimensional chaotic flow by reinforcement learning},
  author={Gustavsson, Kristian and Biferale, Luca and Celani, Antonio and Colabrese, Simona},
  journal={The European Physical Journal E},
  volume={40},
  number={12},
  pages={1--6},
  year={2017},
  publisher={Springer}
}

@article{reddy2018glider,
  title={Glider soaring via reinforcement learning in the field},
  author={Reddy, Gautam and Wong-Ng, Jerome and Celani, Antonio and Sejnowski, Terrence J and Vergassola, Massimo},
  journal={Nature},
  volume={562},
  number={7726},
  pages={236--239},
  year={2018},
  publisher={Nature Publishing Group}
}

@article{reddy2016learning,
  title={Learning to soar in turbulent environments},
  author={Reddy, Gautam and Celani, Antonio and Sejnowski, Terrence J and Vergassola, Massimo},
  journal={Proceedings of the National Academy of Sciences},
  volume={113},
  number={33},
  pages={E4877--E4884},
  year={2016},
  publisher={National Acad Sciences}
}

@article{reddy2018soaring,
  title={Soaring like a bird via reinforcement learning in the field},
  author={Reddy, G},
  journal={07 Nature},
  volume={562},
  year={2018}
}

% Gauss circle problem

@book{guy2004unsolved,
  title={Unsolved problems in number theory},
  author={Guy, Richard},
  volume={1},
  year={2004},
  publisher={Springer Science \& Business Media}
}

@article{lange2021sperm,
  title={Sperm chemotaxis in marine species is optimal at physiological flow rates according theory of filament surfing},
  author={Lange, Steffen and Friedrich, Benjamin M},
  journal={PLoS computational biology},
  volume={17},
  number={4},
  pages={e1008826},
  year={2021},
  publisher={Public Library of Science San Francisco, CA USA}
}
